2708 5056
192 677 257 743 998
546 690 655 741 norm
680 693 882 744 vauronurr
908 694 947 743 ur
1003 706 1018 733 .-

192 836 348 890 Cratander,
365 835 506 900 Gryphius,
523 836 671 891 Siclrerdus.
689 836 726 887 sic
764 837 866 887 erexit!
897 836 1054 889 Arutseuiua
1068 838 1118 890 ioc
1136 841 1165 890 ie
1184 842 1245 892 laco
1256 855 1303 906 pre

192 913 312 972 edldere,
328 914 473 976 usurpabunt
483 920 563 964 autera
578 916 631 972 itu,-
648 928 726 978 quam
763 914 883 978 eiceuris,
896 918 1011 979 reposuit
1022 917 1141 974 ciceides
1159 934 1240 983 quem
1252 923 1302 971 lem

192 990 356 1055 particulam,
371 991 416 1046 itu,
432 992 509 1040 etiarn
530 991 564 1040 Η.
576 992 725 1055 Stephanus
764 993 860 1042 tionem
879 993 958 1042 etiam
976 993 1104 1058 approbat
1122 995 1261 1048 Geauerns
1276 999 1301 1048 ia

191 1066 217 1115 iu
237 1067 354 1130 margine
373 1068 527 1127 annotarit3
546 1067 591 1115 sed
615 1069 680 1116 haue
699 1068 724 1117 iu
763 1069 883 1132 Epistola
893 1069 927 1119 de
939 1085 984 1119 sne
997 1070 1076 1120 Plinii
1087 1070 1217 1123 editione·
1235 1075 1299 1124 Pro·

190 1145 324 1197 codicibus
347 1146 411 1195 Mes·
433 1146 542 1210 aliisque
566 1146 648 1202 libris,
675 1161 725 1196 uuu
763 1144 916 1207 fiteturille‚
929 1161 957 1196 se
969 1147 1019 1197 hoc
1033 1149 1252 1208 nomenclatura,
1263 1165 1301 1202 re·

191 1221 419 1287 deprehendimus,
437 1224 724 1288 quamvisaliuquiuou
763 1222 863 1285 perisse
883 1222 909 1270 iu
934 1222 1074 1287 Eaecrptis
1096 1223 1198 1275 codicis
1219 1226 1301 1277 Gucl·

121 1347 126 1355 ,
191 1307 393 1350 contemnemus.
439 1300 469 1348 ln
493 1313 550 1348 meo
573 1301 674 1361 codice,
697 1309 725 1350 et
764 1296 929 1361 pherbptsui,
945 1297 1085 1362 docetque,
1101 1298 1211 1364 proprie
1230 1302 1301 1354 dicta

192 1375 394 1438 Salisburgeusi,
408 1382 539 1439 preterea
551 1390 653 1440 quoque
666 1390 725 1439 par·
764 1387 820 1421 esse
832 1373 934 1428 curura,
950 1374 995 1422 ills
1011 1378 1191 1440 receptacula,
1203 1379 1230 1427 iu
1241 1392 1299 1443 qen

191 1452 412 1502 ticulecsterrest
430 1453 709 1515 praetermissurum.
764 1451 883 1501 animalis
902 1452 1025 1502 conclusa
1048 1450 1168 1517 turrium
1191 1455 1254 1506 iude
1273 1463 1301 1507 et

227 1529 261 1577 Ut
282 1529 395 1592 dormites]
417 1531 456 1579 ltu
474 1535 500 1578 art
520 1529 623 1578 domitus
640 1531 672 1580 C·
691 1530 725 1579 G.
763 1529 900 1578 Heinsium
919 1529 1063 1580 Claudiano
1081 1531 1301 1584 11.Consai·8ti·

189 1605 269 1654 Isioi».
763 1605 806 1655 lic.
828 1621 866 1655 rs.
882 1608 940 1658 272.
964 1606 1109 1656 restituisse
1125 1608 1240 1669 clutdris,
1254 1623 1301 1673 pre

222 1682 347 1746 Demitur]
363 1682 482 1733 Alincum
495 1681 607 1734 fortasse
620 1681 653 1731 ad
669 1677 724 1732 Do·
764 1684 998 1747 rrrlgetorlnurtris.
1027 1684 1061 1733 Et
1071 1691 1157 1746 certe,
1167 1685 1201 1735 ad
1213 1687 1300 1738 ileru-

190 1758 335 1817 rnitiauum,
354 1774 439 1824 quern,
457 1768 524 1809 teste
544 1759 652 1809 Sueton.
663 1773 723 1822 cap.
762 1759 792 1808 tii
803 1758 893 1809 Artem
903 1761 979 1812 Puer.
988 1765 1090 1812 redii.
1101 1761 1110 1790 ‘
1121 1760 1163 1812 ric
1175 1763 1249 1814 reiut
1259 1778 1300 1812 ur·

191 1839 230 1886 ll.
259 1843 411 1885 ‘centenas
440 1837 503 1886 rarii
529 1837 632 1900 generis
654 1834 723 1885 l'eras
762 1850 805 1885 eur
827 1836 955 1900 Objectos
974 1852 1060 1888 caree
1082 1839 1167 1890 ralalt
1187 1840 1209 1890 sl
1230 1839 1299 1890 frau-

188 1927 260 1977 sepe
274 1914 299 1964 lu
316 1913 419 1964 Albano
430 1915 723 1964 secessueoulicientem
762 1925 826 1974 gere
849 1913 963 1962 cletlrros
976 1912 1001 1973 ;'
1026 1919 1102 1964 retus
1119 1914 1297 1965 scholiastes:

190 1997 343 2052 spectavere
355 1990 492 2055 plerique)
514 1991 667 2055 Hujurmodi
679 2005 722 2040 au·
758 1988 882 2046 ‘Chtiri
902 1990 958 2038 sire
975 1988 1085 2053 cletiro}
1105 1990 1201 2057 iuquit,
1219 1999 1298 2043 ‘suat

189 2071 243 2116 tem
262 2064 338 2120 t'erre,
356 2073 449 2130 utpote
469 2067 590 2115 claustris
611 2066 724 2128 educte,
762 2063 861 2114 robusti
878 2072 967 2129 postes
984 2073 1012 2116 et
1028 2065 1145 2129 rotundi,
1164 2071 1298 2132 repagula.

189 2142 299 2191 meritum
322 2140 434 2192 feritatis
456 2157 486 2192 ac
515 2144 606 2192 sirium
630 2143 723 2192 aurise-
761 2140 1127 2205 quibusoblirmeturearcu'
1160 2145 1298 2210 Equidem,

190 2225 265 2269 raet:
296 2218 424 2283 Trajanus
447 2233 510 2267 vero
535 2233 585 2267 nun
615 2216 724 2282 t'rectae,
761 2231 812 2267 uon
833 2218 968 2281 rejicerem
989 2232 1078 2268 rocem
1095 2219 1211 2283 cletiria,
1228 2222 1252 2271 si
1268 2236 1297 2271 ea

188 2306 240 2344 uon
258 2294 378 2350 domitur,
400 2295 444 2344 sed
469 2294 507 2344 sui
526 2295 593 2358 Juris
615 2294 724 2358 belluae,
762 2308 823 2343 rero
845 2295 1008 2358 antiquitatis
1028 2296 1182 2347 testimonio
1201 2299 1228 2348 iu
1248 2298 1297 2349 lroe

189 2379 332 2437 apertoque
345 2387 447 2437 campo,
464 2372 572 2437 aggredi
588 2373 725 2436 gestiebat.
761 2369 841 2421 Plinii
856 2373 911 2422 locu
923 2374 1062 2423 niteretur.
1096 2373 1134 2424 At
1147 2376 1233 2438 egois
1244 2391 1297 2427 eru·

192 2450 303 2500 Prturol.
762 2448 836 2496 uilius
849 2449 954 2511 scriptia
964 2450 1149 2515 impressisque
1161 2455 1296 2516 exempla·

224 2528 371 2592 Fractusque
390 2529 503 2578 claustris
517 2527 600 2590 serus]
629 2527 660 2576 In
680 2542 723 2577 co·
761 2524 999 2589 ribusPenegyrici
1012 2527 1207 2592 putarentque
1228 2537 1296 2579 trac·

189 2603 248 2655 dlce
257 2606 461 2667 salisburgensi,
471 2609 533 2656 item
542 2614 570 2654 et
580 2620 646 2666 meo,
657 2620 723 2668 prm·
762 2602 825 2661 turi,
835 2603 953 2666 adeoque
966 2602 1044 2652 etiarn
1057 2603 1083 2652 iu
1099 2605 1164 2666 ipsis
1179 2605 1296 2670 Excerp·

189 2689 295 2746 pustere
313 2686 440 2746 scriptum
459 2683 646 2746 estsroetiaque
659 2684 723 2731 cluu-
761 2679 795 2726 tis
821 2677 919 2727 codicis
942 2678 1179 2744 Guelplrerbytsni,
1202 2684 1296 2747 quibus

191 2758 342 2817 strisserus,·
359 2773 416 2823 quoe
428 2759 653 2821 tameuecripturs
665 2773 722 2820 per·
761 2754 954 2804 accuratissime
973 2755 1112 2820 descriptis
1128 2766 1203 2822 utor;
1222 2759 1296 2810 item·

110 2864 115 2874 ι
191 2848 265 2884 reris
279 2835 357 2884 etiam
373 2837 398 2884 iu
415 2833 498 2884 editos
516 2834 596 2884 libros
614 2835 649 2883 Η.
663 2836 723 2884 Ste-
761 2844 810 2894 que
831 2831 856 2879 in
877 2832 941 2881 libro
959 2832 1043 2881 'litto
1060 2833 1152 2891 (ludii,
1169 2836 1215 2899 qui
1236 2837 1296 2887 elio·

190 2912 280 2977 plisni,
298 2912 418 2978 Gryphii,
442 2928 484 2962 au.
506 2913 724 2977 1⁶81.Sicherdi,
761 2908 822 2969 qtriu
842 2908 975 2971 prmcipue
994 2908 1092 2958 codicis
1111 2910 1296 2978 Guelplrerlrp·

190 2997 218 3039 et
237 2989 332 3046 Risini,
350 2991 558 3039 transmisrucst.
591 2988 724 3052 Gryplrlna
762 2982 816 3031 tuui
834 2985 966 3034 variantes
985 2985 1110 3036 lectiones
1127 2987 1246 3039 fideliter
1256 3004 1296 3040 re·

191 3081 253 3116 reru
278 3068 327 3116 hoc
348 3066 469 3116 mentium
489 3075 579 3131 postes
600 3066 724 3116 correxit.
761 3057 832 3119 sert;
857 3061 947 3110 adltec
976 3063 1126 3113 nominatim
1149 3066 1177 3115 iu
1204 3066 1297 3119 codice

191 3143 318 3207 Equidem
340 3151 367 3195 et
388 3145 524 3193 ‘cleruus
545 3141 668 3207 retringt'
685 3142 722 3191 ‹u-
762 3136 1079 3204 vaticinationum«)
1090 3140 1297 3194 eodieemouel·

191 3225 303 3279 cuntur3
330 3234 352 3268 r.
372 3235 397 3282 g.
424 3220 493 3269 Ptin.
518 3221 602 3284 Epist.
627 3233 658 3268 rr.
684 3223 723 3268 lo.
762 3213 1298 3283 plrerlrytanumputorlescriptumluisse,

190 3295 323 3345 ‘Quidem
343 3296 380 3346 tui
398 3311 486 3346 versus
498 3297 612 3346 claustra
624 3311 671 3345 sure
683 3311 722 3345 re·
760 3297 912 3339 constanter
925 3306 1075 3355 expressum
1091 3295 1150 3357 lego
1167 3296 1297 3356 eleertrim

189 3368 324 3432 fregerunt
334 3368 350 3431 ;’
368 3377 395 3420 et
411 3384 441 3420 u.
457 3376 495 3421 lt.
514 3371 664 3421 ‘Retractis
677 3386 723 3435 pu·
761 3379 809 3417 uec
829 3367 893 3427 scio,
913 3368 982 3417 uude
1005 3369 1048 3418 ills
1066 3383 1127 3433 ror,
1148 3373 1252 3431 elatius,
1271 3375 1297 3423 iu

190 3442 260 3494 deria
283 3456 310 3494 et
333 3449 486 3496 rerereutiru
506 3447 649 3497 crannus!
686 3447 723 3497 Ar
763 3443 898 3493 Arutsenii
919 3445 1053 3508 Excerpte
1076 3451 1240 3510 persederit,
1259 3450 1297 3500 t‘a.

190 3522 240 3570 itoc
253 3522 309 3570 loco
322 3537 372 3570 non
384 3523 499 3571 claustra
511 3522 603 3584 t'recta,
615 3523 670 3572 aire
683 3537 722 3572 re·
759 3520 809 3569 cile
826 3529 911 3570 autern
932 3523 1034 3584 putabit
1050 3522 1090 3580 iis,
1106 3525 1200 3586 quibus
1218 3527 1296 3578 datur

189 3597 290 3661 irects;
307 3599 352 3647 sed
373 3599 457 3648 ‘term
478 3602 598 3649 claustris
618 3601 722 3650 domitu
760 3599 865 3646 occasio
883 3598 1009 3648 adeundae
1028 3600 1198 3653 Bibliotheca·
1214 3604 1297 3655 Guel-

190 3673 353 3738 fractuque‚'
371 3674 508 3736 dicuntur,
525 3677 618 3739 quibus
631 3691 723 3741 nempe
762 3673 939 3737 phtrbyltltll’,
950 3675 1078 3739 q¹¹⁰m⁰d⁰
1090 3689 1118 3726 ¹0
1135 3691 1179 3727 ret
1191 3678 1297 3732 hebeat.

189 3750 310 3801 diuturne
324 3754 472 3814 captivitas,
489 3753 558 3802 intre
572 3755 684 3803 claustra
695 3763 723 3804 et
759 3751 812 3800 Sed
825 3767 874 3802 nec
886 3753 961 3802 rideo
973 3768 1089 3803 caussam
1107 3755 1239 3819 idoneam,
1249 3772 1295 3808 cur

190 3837 275 3895 septa,
300 3830 431 3881 feritatem
460 3832 621 3895 compressit.
644 3840 722 3895 utque
761 3841 886 3890 asperner
903 3830 1040 3878 lectionem
1058 3832 1202 3895 irrigatam,
1214 3835 1296 3885 omui·

191 3909 281 3968 exuit;
294 3916 369 3970 prout
382 3910 438 3958 lraec
449 3915 521 3957 recte
534 3909 723 3973 interpretatur
760 3919 854 3970 unique
878 3905 999 3955 librorum
1022 3908 1181 3958 auctoritate
1200 3910 1295 3961 coudr-

134 4045 137 4053 .
190 3983 722 4049 VlitiueudGratiiFalisciCyneget.rs.
761 3989 864 4032 rustam.
899 3983 1016 4046 Largior,
1042 3996 1135 4032 nomeu
1162 3987 1296 4036 ‘clathrao

191 4063 248 4109 806.
278 4061 605 4110 SicCic.de0ret.r.20.
623 4063 721 4112 ‘Simul
761 4058 1297 4136 rrrm'adrrceptsqulumlersmmrmu

192 4152 222 4186 ac
242 4151 282 4186 rue
298 4136 409 4188 fructum
428 4153 458 4186 ac
475 4138 637 4187 debilitatum
650 4144 721 4188 metu
760 4137 861 4198 δοχικῶς
872 4134 1066 4199 significandum
1077 4142 1151 4187 recte
1162 4138 1295 4200 adhiberi3

190 4212 273 4264 vidit!
308 4215 393 4263 Plinio
414 4222 511 4268 nostru,
530 4215 613 4278 Epist.
634 4229 664 4266 rr.
683 4220 722 4265 lt.
760 4215 806 4262 sed
829 4226 880 4262 unu
902 4213 986 4262 minus
1008 4212 1076 4261 idem
1097 4217 1295 4278 receptaculum

190 4291 199 4319 ⁴
210 4289 294 4340 fracta
307 4289 497 4355 pronuntiatio'
511 4289 605 4340 dieitur
616 4305 722 4341 euerra·
760 4288 838 4338 etlam
853 4287 955 4338 nomine
972 4288 1184 4352 ‘claustrorum'
1194 4301 1223 4343 et
1234 4301 1242 4324 ⁴
1252 4305 1296 4342 ea·

192 4375 220 4417 ts
232 4375 259 4416 et
272 4367 364 4415 mollis.
382 4378 445 4414 vru.
458 4370 496 4414 lt.
514 4367 631 4416 ‘Quibus
650 4367 722 4416 malis
761 4363 833 4426 ree,'
857 4371 930 4414 recte
952 4363 1117 4428 exprimitur.
1154 4366 1236 4417 Certe
1258 4369 1295 4420 sic

191 4445 297 4508 ingenia
312 4453 400 4494 nostra
416 4445 547 4504 hebetata,
558 4443 650 4505 fracte,
661 4459 722 4495 con·
761 4443 817 4494 liis.
828 4455 931 4492 xxxvi.
939 4447 964 4490 7.
976 4450 983 4485 ·.
994 4441 1043 4491 Ille
1052 4440 1158 4506 quidem
1167 4443 1230 4496 fere
1238 4445 1296 4496 bea·

192 4528 252 4570 tusa
269 4520 348 4570 sunt!
382 4522 472 4584 Nepos
487 4523 611 4571 Themiat.
628 4538 686 4587 cap.
699 4529 722 4572 1.
761 4521 814 4583 tiu,
827 4521 929 4580 vincte,
939 4525 985 4567 aut
994 4519 1098 4579 clause,
1109 4531 1137 4569 et
1149 4520 1296 4585 refringere

192 4597 274 4647 ‘erae
287 4597 442 4646 contumelia
452 4611 502 4647 uon
512 4596 590 4661 tregit
600 4613 667 4656 eum,
677 4601 722 4659 sed
760 4599 875 4648 claustra
895 4594 1022 4658 cupienti,
1040 4594 1110 4659 regis
1125 4599 1191 4649 iram
1209 4599 1295 4653 caruis
