2708 5056
102 647 169 715 76⁰
324 718 328 724 ,
451 660 790 719 ιιοιιιιιιιιοιιιιιι
815 663 857 713 tu
916 678 979 711 .·

137 809 205 860 Hiar
214 809 285 875 amo]
303 806 635 872 sueinunontneapta
672 807 772 872 nelina,
794 806 887 871 quibas
907 805 1016 857 sordent
1034 807 1133 869 onnia,
1150 822 1212 872 aaa

103 885 226 937 ‘Statuas
244 885 295 937 sihi
313 886 339 935 in
361 885 495 946 capitolio,
513 899 565 934 non
584 883 635 934 nisi
671 884 968 947 naturadictari13qni
985 898 1036 934 sou
1052 892 1213 934 ornamenta

103 976 196 1013 aureas
213 968 240 1011 et
260 968 407 1024 argenteas,
425 961 485 1023 poni
506 961 634 1023 permisit,
671 960 821 1024 querimus,
839 960 887 1010 sed
905 959 1052 1011 lenociois.’
1087 961 1119 1011 lo
1138 962 1211 1012 Dial.

104 1053 202 1101 sasque
214 1037 335 1102 ponderis
349 1037 415 1086 certi
424 1035 441 1095 ς’
458 1046 487 1085 ιιι
497 1051 529 1086 ns
542 1050 634 1100 parvas
671 1035 705 1086 de
718 1036 824 1086 Orator.
832 1052 856 1086 e.
863 1042 905 1089 28.
921 1038 1043 1091 ‘Quibus
1055 1037 1211 1103 eloquentia

103 1116 218 1176 scilicet,
230 1120 282 1164 latu
294 1127 387 1178 magno
399 1113 467 1163 Deo.
492 1113 634 1179 Eutropius
672 1113 709 1162 tui
721 1113 817 1164 Aufidii
831 1115 920 1177 Bassi,
937 1145 983 1162 ··.
999 1129 1032 1164 ex
1050 1116 1209 1179 comparati.-

103 1190 183 1242 idem.
199 1191 269 1255 bips.
671 1202 721 1238 otte
738 1189 868 1252 Sisennae,
884 1198 934 1252 aut*
949 1190 1089 1252 Varronis,
1101 1190 1208 1240 sordet:

102 1327 106 1336 Ι
136 1265 217 1329 Auro]
249 1264 427 1315 Domitianum
459 1264 553 1328 innuit,
581 1264 636 1329 qui,
671 1265 716 1329 qui
743 1268 873 1316 rhetorum
902 1276 1050 1317 nostrornm
1075 1281 1208 1317 eoram

103 1351 172 1394 teate
183 1344 290 1394 sueton.
301 1356 361 1404 cap.
374 1347 414 1393 tt.
431 1351 532 1392 statuas
545 1343 596 1392 sibi
608 1344 633 1392 in
672 1341 752 1390 tarius
764 1340 912 1404 fastidiunt,
927 1343 1058 1404 oderant;
1074 1343 1152 1392 Calui
1162 1344 1208 1394 mi·

104 1420 228 1485 capitolio
239 1435 289 1470 non
300 1419 348 1468 nisi
359 1433 450 1468 aureas
461 1427 489 1469 et
499 1429 634 1482 argenteas
672 1417 782 1467 rautnr.¹
799 1420 876 1468 idest.
1150 1453 1152 1457 «

105 1497 165 1562 poni
178 1497 340 1559 permistum
351 1495 472 1558 ponderis
483 1496 558 1545 certi.
575 1495 634 1545 Sta·
703 1491 846 1556 marne]
862 1492 970 1557 Aliquid
987 1491 1068 1543 faciat
1088 1509 1138 1559 pro
1156 1496 1207 1546 lec·

104 1573 155 1624 tius
172 1574 236 1622 Silt.
251 1587 277 1622 v.
289 1575 312 1622 1.
325 1576 382 1622 189.
402 1578 410 1600 ⁴
424 1574 466 1622 Da
485 1574 634 1636 capitolinis
672 1567 743 1619 tione
761 1572 868 1633 uulgata
883 1586 972 1635 supra,
988 1572 1058 1620 ‘Dei
1077 1586 1206 1622 summost

105 1657 232 1700 aternum
243 1649 347 1699 sedibus
355 1663 455 1705 aurum.
464 1651 523 1700 Quo
534 1650 633 1700 niteant
671 1644 740 1695 inter
749 1646 864 1696 homiues
874 1644 1006 1710 fastigium
1015 1656 1123 1698 serrem
1131 1649 1150 1709 ς’
1159 1649 1206 1700 sed

103 1727 172 1776 sacri
198 1733 310 1775 centeno
331 1726 446 1789 pondero
469 1725 554 1776 tultus
576 1726 634 1777 Cn·
670 1722 765 1771 leviter
778 1732 804 1773 st
816 1723 924 1788 aliquid.
941 1725 1011 1786 lips.
1057 1761 1060 1766 Δ
1098 1756 1102 1761 -

103 1801 187 1853 saris!
202 1800 312 1851 Polsrol.
702 1800 824 1851 Asreaeel
833 1802 1027 1867 insustentabiles]
1043 1803 1207 1856 Vocabulum

137 1879 227 1928 Incesti
251 1875 380 1940 principia]
407 1876 563 1938 Domitiani,
587 1876 633 1943 qui
671 1891 750 1926 weoe
766 1876 931 1927 desideratur
947 1879 973 1927 in
990 1879 1128 1930 codicibus
1143 1881 1207 1933 lita.

102 1955 200 2007 Juliasu
212 1954 274 2010 Titi,
285 1952 373 2002 t'rstris
384 1954 433 2013 sui,
449 1951 529 2002 liliam
546 1966 633 2002 corrn-
672 1953 794 2004 Vatican.
812 1955 965 2016 Parisieual‚
975 1963 1087 2019 utroque
1095 1958 1210 2021 νειοῖο,

105 2033 153 2095 pit.
185 2031 252 2081 Vide
271 2031 381 2081 Sueten.
395 2030 494 2078 Domit.
508 2044 533 2078 c.
547 2031 590 2079 22.
606 2036 635 2080 et
672 2029 869 2092 Salisburpensi⁸
878 2030 1038 2094 Guelpherb.
1048 2041 1075 2081 et
1088 2046 1156 2088 meo.
1168 2041 1208 2082 at·

104 2108 175 2158 Plio.
186 2108 271 2170 Epist.
282 2120 321 2155 tv.
334 2109 373 2154 tt.
384 2110 410 2154 u.
426 2105 580 2155 ‘absentem
595 2107 633 2155 iu·
671 2119 721 2169 qus
741 2105 767 2154 iu
788 2106 926 2156 Puteolani
947 2116 974 2155 et
992 2107 1117 2156 Beroaldi
1136 2108 1207 2157 libris

104 2181 270 2246 auditamque
298 2179 430 2230 damnarit
453 2180 555 2242 incesti,
575 2196 633 2232 cum
672 2180 813 2245 impressis.
852 2181 882 2232 ld
909 2180 1007 2230 sactum
1036 2180 1156 2243 fortasse,
1178 2189 1207 2232 ot

103 2260 161 2326 ipse
180 2258 370 2323 [Domitianus]
391 2254 479 2306 t'r'atris
499 2256 577 2306 liliam
596 2258 634 2308 iu·
672 2258 942 2308 rectesnhnadrertit
955 2258 1124 2322 trutannus,
1138 2259 1206 2325 qnod

104 2345 236 2388 cestonon
246 2334 634 2400 polluissetsoltanureruuteti·
672 2335 788 2397 proxime
806 2350 874 2384 στω
890 2344 1071 2399 precesserat.
1085 2351 1137 2400 pro
1154 2351 1205 2402 qna

104 2427 145 2462 sus
158 2410 313 2462 occidisset!
340 2412 416 2460 Iden.
670 2425 749 2461 nsreoe
776 2421 946 2473 reposuerant
971 2412 1069 2462 inertes
1098 2414 1206 2464 librarii.

137 2489 226 2539 Incesti
241 2485 369 2553 principis]
384 2486 464 2548 dulia,
474 2485 528 2536 Titi
545 2485 634 2537 fratria
672 2487 859 2538 Innumerabiles
877 2497 964 2537 antem
983 2489 1119 2550 dicuntur,
1137 2490 1207 2555 quia,

105 2564 169 2626 filia,
181 2579 341 2629 compressa.
359 2565 432 2614 Suet.
442 2565 543 2619 linuit.
553 2570 627 2614 cti·
672 2565 800 2628 Lipsiuca
813 2567 897 2615 Dione
910 2567 1048 2628 probante,
1060 2580 1111 2614 nnn
1125 2568 1206 2617 llorua

103 2641 248 2703 Jttrenslis,
264 2640 346 2689 ‘Cum
358 2651 398 2696 tot
409 2630 533 2689 abortivis
539 2639 633 2699 t'ecun·
672 2649 781 2700 tantum,
798 2644 843 2690 sed
863 2651 931 2690 totus
950 2641 1007 2690 lere
1024 2642 1095 2690 urhis
1115 2644 1207 2692 statuis

104 2717 243 2768 dnmJulia
256 2717 357 2764 sutiam
368 2716 532 2776 Solveret,et
541 2726 635 2778 patruo
671 2717 815 2766 Domitiani
828 2718 950 2781 impletus
961 2727 1028 2768 erat.
1049 2719 1176 2770 Solam

104 2793 201 2843 situiles
212 2790 360 2841 effunderet
370 2790 451 2842 offas?
466 2792 549 2842 Liuia.
705 2792 760 2842 Illoe
774 2800 854 2842 nattis
870 2796 961 2860 aren]
979 2795 1117 2846 Gravioris
1136 2796 1206 2847 dant·

137 2868 265 2919 Permixta
285 2868 389 2918 Derrasa
409 2868 534 2918 simulacro
554 2871 633 2920 sorde·
672 2868 914 2931 ratiociniorum
934 2872 983 2934 ipsi
1002 2870 1103 2934 afflicti,
1117 2882 1145 2924 et
1162 2889 1207 2923 nn·

103 2945 170 3009 rent]
189 2945 220 2995 lu
232 2945 322 2995 codice
333 2942 481 2999 Parisieusi,
492 2952 520 2994 et
531 2946 634 2995 Veneto
672 2956 742 3004 meu,
753 2956 780 2995 et
792 2948 915 2993 memoria
926 2961 1023 2996 eorum.
1047 2947 1124 2997 Unde
1136 2950 1207 3000 dice-

105 3025 129 3071 l.
147 3023 209 3072 item
227 3023 253 3070 iu
270 3021 386 3070 editione
405 3020 475 3077 Atti,
490 3021 590 3078 luntre,
602 3023 634 3074 tt.
673 3019 746 3080 baut,
764 3021 772 3048 ‘
791 3021 892 3070 Nomen
911 3021 1004 3085 deleri,
1022 3025 1077 3071 tolli
1097 3023 1208 3087 effigies,

103 3099 240 3162 Stephani,
249 3104 277 3148 el
290 3097 374 3158 Nuntii,
388 3098 495 3160 legimus
511 3098 634 3160 permisis.
672 3094 752 3159 dejici
764 3104 862 3147 statuas
874 3112 905 3147 ae
917 3098 1025 3160 proteri,
1036 3099 1151 3150 ludibrio
1162 3115 1207 3149 ex·

103 3174 136 3224 In
149 3174 343 3237 orthographia
357 3171 560 3223 Schuradeischii
577 3174 634 3223 haeo
673 3171 753 3233 poni!
785 3172 816 3222 ld
839 3186 902 3221 uero
924 3173 1004 3223 tiebat
1024 3176 1065 3224 rel
1087 3177 1207 3225 modeste

105 3249 262 3300 traduntur:
284 3248 436 3298 “Mixtus'
455 3263 488 3297 ex
505 3249 588 3298 reteri
607 3263 633 3298 o·
672 3261 721 3311 per
744 3246 878 3298 decretum
901 3264 916 3298 a
936 3252 1108 3313 quaestoribus
1133 3266 1207 3302 xxx.

103 3327 277 3389 tuendamque
292 3325 421 3386 scriptura
434 3323 544 3373 iu'l'ullii
558 3324 635 3374 Lirll·
672 3324 843 3385 pratentibus
863 3328 1024 3375 senatoribus
1043 3342 1101 3377 cum
1121 3330 1209 3391 scalis,

104 3417 155 3467 que
166 3402 299 3452 codicibus
309 3401 412 3464 legitur.
438 3401 482 3449 Sic
493 3402 501 3426 ⁸
511 3401 634 3450 commis·
672 3400 781 3450 Suetou.
792 3400 891 3451 Docuit.
905 3416 929 3451 c.
942 3407 984 3452 Β.
1000 3403 1041 3451 rel
1059 3406 1206 3466 impetuose

104 3478 165 3536 tus:
182 3481 190 3506 ⁴
203 3476 375 3541 permixtius
398 3491 527 3541 uunquam
548 3485 634 3526 ‘coni-
672 3476 844 3541 periturorum
857 3480 984 3543 qrtendsm
995 3480 1137 3543 plebeium,
1146 3497 1206 3532 curn

103 3554 214 3606 mistus¹
231 3561 259 3606 st
275 3552 451 3619 ‘permistus,'
468 3555 592 3617 legamus.
606 3588 634 3605 ..
672 3554 778 3618 iujectis
795 3555 891 3618 laqueis
908 3562 1005 3604 statuas
1024 3555 1207 3615 detraherent,

103 3632 162 3683 Nec
182 3639 282 3681 tantum
301 3645 361 3678 usus
382 3630 551 3693 posteriorum
570 3639 632 3680 tem·
672 3639 701 3679 ut
718 3629 767 3678 lton
786 3631 852 3687 loco,
871 3646 921 3693 quin
933 3630 1124 3693 deJureualis,
1140 3632 1207 3681 ‘de-

104 3723 206 3774 portatu,
220 3707 265 3757 sed
281 3704 422 3756 auctoritas
434 3714 552 3756 veterum
563 3707 634 3757 codi·
670 3706 798 3756 scendunt
818 3715 922 3770 statua,
935 3713 1081 3771 restemque
1091 3722 1207 3773 seqrtnrt·

104 3799 163 3835 cum
175 3781 336 3848 inspicienda
347 3791 396 3838 ost,
411 3796 469 3846 quim
486 3782 635 3844 lectionem,
673 3781 734 3831 tun'
763 3782 829 3830 Haec
847 3783 917 3845 Lips.
936 3784 962 3831 in
982 3783 1090 3831 Escurs.
1102 3782 1136 3832 ad
1152 3783 1208 3833 An·

104 3859 240 3923 ‘mistus,'
262 3856 367 3909 tuetur.'
408 3856 549 3913 Manutius,
573 3858 634 3908 Aldi
671 3861 774 3909 urhun
803 3859 879 3907 Rern.

104 3952 195 4004 nepos,
215 3938 309 4002 prohat
331 3934 433 3998 quidem
456 3933 584 3994 ‘oniscon'
601 3951 634 3985 ea
704 3936 904 4000 innumerabiles]
932 3936 990 3987 Nec
1008 3936 1075 3986 euius
1094 3935 1120 3986 iu
1140 3937 1207 3989 urba

105 4015 239 4076 aualopiu;
258 4012 357 4061 latetur
378 4019 474 4067 tatueu,
494 4011 519 4058 iu
541 4012 633 4060 reteri·
673 4020 782 4075 tautum,
801 4014 845 4062 sed
868 4017 960 4063 ‘totus
981 4013 1071 4070 orbis:
1089 4017 1126 4065 ait
1147 4017 1208 4072 Dio,

105 4092 153 4143 bus
163 4091 247 4150 libris,
258 4087 368 4151 Virgilio
379 4086 515 4149 Carpeusi,
524 4095 553 4136 et
569 4089 634 4137 suti·
672 4088 785 4138 ‘statuis
801 4089 858 4152 ejus
876 4098 936 4152 post
952 4089 1044 4149 rictus,
1061 4098 1089 4139 ut
1106 4091 1209 4149 aiebat.

105 4162 634 4233 qrrislspidibus,‘mixtus'cuutxlegh
672 4163 961 4228 Dacosiiupletuscst.¹
989 4165 1058 4227 lips.

104 4247 224 4297 Solanon.
495 4281 503 4296 .
705 4241 795 4301 Strage
814 4247 838 4290 et
860 4240 943 4304 ιιιὶιιιι]
973 4241 1052 4290 lnitio
1075 4249 1207 4292 asenath

137 4321 279 4386 Sorderettl]
308 4320 330 4370 1.
352 4333 375 4368 e.
399 4316 583 4379 erhescereut,
604 4332 635 4368 ao
673 4317 728 4381 ipso
749 4314 836 4377 facto;
855 4317 899 4381 qui
921 4316 1029 4367 ‘audita
1042 4320 1132 4368 ‘rnorte
1150 4320 1208 4384 ejus

105 4399 248 4453 contemtui
261 4404 357 4448 esseut.
383 4393 475 4456 virgil.
486 4393 541 4441 Ecl.
553 4405 584 4441 tt.
594 4397 636 4445 ll.
673 4393 739 4443 adeo
757 4393 861 4442 intutus
877 4399 927 4449 est,
937 4403 966 4442 ut
977 4395 1058 4442 sonlas
1075 4395 1155 4443 etiam
1167 4395 1207 4445 in·

105 4468 520 4528 ‘Sordenttibimunerauostra.'
537 4469 635 4520 Quino-
672 4469 745 4526 feui,
765 4471 924 4533 clypeosque
946 4478 975 4518 et
997 4470 1122 4533 imagines
1147 4472 1205 4533 ejrsa

106 4553 146 4603 til.
162 4553 250 4604 instit.
266 4549 343 4600 Orat.
359 4559 420 4597 urst.
438 4560 544 4610 protem.
560 4545 635 4598 ‘Nus
673 4560 759 4599 curam
770 4546 882 4610 detrahi,
894 4555 922 4597 et
939 4545 1032 4597 ibidem
1052 4549 1107 4597 solo
1125 4547 1207 4612 siliipi
