2708 5056
300 325 334 376 o.
357 325 482 378 ιιιιιιι
506 324 673 381 suenum
698 327 838 379 niuno.
874 329 899 377 ι.
921 312 955 378 1.
1111 317 1179 384 445

69 469 100 520 in
122 482 260 520 numerum
275 468 463 532 stiprudloruur
480 469 609 522 ueniunt!
645 470 796 522 ostendunt.
813 471 883 536 Lipr.

71 545 110 596 Et
128 559 197 602 mox.
215 543 353 595 ‘Praecisir
368 558 470 609 quoqne
490 544 608 595 manibus
679 545 781 611 crpore]
792 547 940 612 caperetur
950 545 996 597 sed
1008 561 1091 611 copon
1104 547 1178 604 v.tt.

72 622 120 671 ille
138 622 165 671 in
183 620 276 684 prelio
293 620 401 684 invenit,
411 619 481 685 qnod
492 621 608 684 partibus
645 622 727 674 Lirin.
1179 686 1180 692 ¹

72 695 204 755 conferat,
217 698 326 762 quietat
338 699 607 756 tantnm‚etclnroore
681 699 783 763 capere]
801 700 894 750 llecte·
910 697 1096 750 liitteraieriars.

69 773 168 840 jurat!
201 775 268 827 Qua
281 788 340 824 cuns
351 775 391 824 ita
401 789 429 825 se
438 774 561 831 iubeant.
571 772 609 825 lo·
681 775 783 839 erpere]
807 775 893 827 Proba
915 775 1004 833 lectio.
1024 791 1101 841 qnam
1122 778 1178 841 jttn

72 850 126 901 cile
138 857 260 914 epparet.
272 864 348 915 qoam
366 865 458 914 parum
475 851 492 900 ii
504 849 606 901 sulisla-
646 856 775 903 ιι.1520.
792 853 892 904 Bestus
901 852 1054 915 Rhenanus,
1071 862 1099 903 et
1117 854 1179 904 Plri-

73 926 149 976 cinut
162 935 324 977 sacramento
335 941 390 991 sno,
400 927 444 992 qni
456 927 609 977 commilito·
644 928 758 978 lomusur
792 927 941 992 prodidere,
969 931 1108 994 pluresque
1134 931 1179 982 alii

74 1016 123 1052 nes
136 1016 195 1052 snos
208 1004 257 1053 nob
271 1002 364 1053 iisdem
375 1003 518 1054 militantes
529 1004 609 1067 siquis
647 1006 769 1072 deinceps
788 1020 931 1071 recepere;
947 1014 976 1057 et
992 1006 1095 1057 codices
1113 1007 1180 1058 Mas.

73 1077 150 1128 dicto
174 1076 296 1144 factoque
326 1078 478 1139 treducnnt,
499 1095 607 1146 quorum
646 1097 710 1146 quos
722 1083 897 1152 consuluimus
908 1082 1062 1134 confirmant
1072 1099 1079 1130 ι
1091 1098 1180 1149 qnam·

73 1154 155 1206 hodie
167 1164 308 1219 protentus
321 1157 482 1209 uberrimnsr
495 1158 608 1224 liquam·
646 1172 723 1221 quem
732 1157 879 1209 Beroaldus
890 1173 933 1209 au.
943 1161 1016 1209 1501.
1040 1159 1181 1210 Catauaeua

74 1231 115 1281 ris
126 1245 212 1297 neque
224 1247 239 1281 ι
253 1246 294 1282 ιιι
313 1233 471 1295 abstineant,
482 1233 552 1283 hond
570 1240 616 1283 ta·.
646 1248 689 1283 an.
701 1236 775 1285 1505.
808 1234 892 1286 Aldus
911 1250 953 1286 an·
970 1239 1043 1285 1509.
1060 1244 1089 1285 et
1109 1239 1184 1288 1519.

73 1322 137 1357 men
153 1309 266 1358 statione
282 1322 341 1358 mea
359 1309 453 1360 abibon
470 1309 517 1359 ned
532 1316 609 1374 petu·
647 1311 821 1375 Corpinionns
845 1326 914 1363 anno
939 1316 1014 1363 1515.
1041 1313 1181 1378 Philippus

73 1384 184 1434 lantiam
197 1398 286 1434 eorum
300 1385 400 1436 ulturus
411 1386 525 1451 silentio,
535 1391 610 1437 tanto
646 1387 729 1440 Jnnta
740 1403 783 1439 an.
794 1392 866 1438 1515.
892 1388 1021 1439 liobertor
1032 1389 1181 1453 Steplrauns

74 1468 192 1526 spartam
209 1471 297 1512 'meam
317 1472 453 1515 ornstorns
473 1480 529 1515 snm
548 1478 609 1516 con·
647 1478 689 1514 ιι.
702 1468 775 1514 1529.
798 1464 1044 1529 SebastGryplrios
1055 1480 1097 1516 nu.
1107 1470 1182 1516 1551.

74 1540 199 1597 arantino,
218 1548 315 1606 quanto
330 1541 454 1606 ingruent
475 1543 610 1607 impudeu-
648 1539 781 1590 Liuineio·
793 1553 835 1591 au.
844 1544 917 1590 1590.
928 1548 956 1591 et
967 1539 1036 1592 sorte
1049 1540 1124 1604 pauci
1137 1541 1182 1591 alii

76 1616 140 1665 tine.
156 1616 185 1665 Si
196 1630 250 1666 non
263 1617 288 1665 id
300 1631 429 1683 exsequor
440 1626 548 1671 atrcnus
558 1634 611 1671 ma·
647 1614 779 1666 ediderint
795 1621 926 1680 reperetur.
958 1617 994 1667 tlt
1013 1617 1081 1667 enisu
1097 1617 1194 1666 sconti

76 1707 131 1753 uu;
149 1702 239 1743 arnon
256 1694 341 1744 deerit
359 1695 469 1757 animur,
487 1711 538 1746 non
553 1697 610 1746 vul·
649 1691 769 1741 ridentnr
795 1692 872 1746 rudes
900 1691 1025 1756 quoedsm
1053 1691 1182 1754 librarior,

76 1776 130 1825 tos,
149 1784 200 1819 uon
223 1778 312 1834 notus,
336 1786 386 1821 uon
409 1772 521 1837 denique
540 1778 611 1823 stata
649 1768 692 1831 qui
704 1767 858 1831 perticulam
870 1768 1070 1818 antecedentem
1087 1775 1115 1817 ut
1129 1781 1182 1817 non

77 1853 150 1895 roro:
164 1846 347 1909 quionirntuu
359 1862 421 1896 sane
432 1850 612 1916 putruerunt,
648 1857 696 1908 pro
706 1843 895 1908 comparativa,
904 1843 950 1894 sed
961 1843 1073 1894 canusii
1083 1843 1181 1893 unone·

76 1937 129 1987 qno
142 1921 225 1971 literis
236 1920 267 1970 dt
278 1923 378 1972 melius.
398 1924 529 1974 Gruterus.
649 1933 686 1969 re.
718 1919 759 1970 Ao
771 1919 835 1971 licet
846 1920 977 1971 ilenricns
987 1919 1147 1983 Stephanos,
1155 1920 1182 1968 in

114 1997 149 2046 Ut
160 1996 252 2060 rerum]
268 1996 390 2046 Omnium
408 2012 492 2049 rerum
507 2014 612 2064 magua·
648 1997 765 2061 margine
781 1995 904 2058 editionis
919 2011 982 2054 sne.
993 2011 1034 2048 ao.
1047 1998 1121 2045 1591.
1136 2009 1183 2046 ea·

77 2087 134 2122 rum
156 2086 172 2121 ι
190 2071 249 2121 Diia
270 2072 460 2124 immortaliboa
483 2075 613 2139 principie
648 2073 762 2123 tribuerit
785 2073 852 2143 hene
873 2073 961 2136 prullo
983 2070 1182 2122 commodiorem

77 2148 140 2197 duci
164 2148 342 2202 consuevisse,
364 2157 496 2200 testentur
513 2152 569 2202 Cic.
585 2151 612 2201 in
650 2151 799 2214 lectionem,
826 2156 864 2216 et,
885 2152 1077 2215 quemoduroduus
1102 2165 1184 2200 recuso
1264 2210 1266 2214 Α

77 2225 172 2275 vatin.
194 2239 243 2288 pro
262 2225 351 2276 ltsbir.
367 2227 393 2276 iu
409 2227 499 2278 Diriu.
523 2229 613 2278 aner.
649 2228 961 2290 annumerarentur·
976 2227 1084 2289 initium,
1098 2243 1114 2276 o
1128 2241 1184 2290 pre·

77 2305 153 2353 Maa.
168 2303 195 2352 in
207 2300 318 2354 Prusat.
330 2304 471 2355 Sermffln.
481 2320 530 2355 ιιι.
544 2307 613 2357 ΡΙίι.
650 2303 783 2354 entiouitsu
798 2309 939 2367 cuperetur,⁸
962 2317 1020 2353 enm
1042 2304 1124 2366 ipram
1144 2311 1184 2351 ta·

79 2381 166 2442 Epint.
184 2393 250 2429 vrri.
265 2383 290 2429 4.
322 2381 469 2445 symmach.
482 2384 568 2447 Epist.
580 2397 614 2436 ιι.
651 2398 711 2434 men
724 2383 810 2448 potios
820 2397 852 2432 ex
864 2383 968 2447 iugenio
981 2382 1066 2433 licor.
1075 2383 1184 2444 Stepha-

80 2459 138 2506 101.
150 2457 193 2506 cui
205 2465 232 2506 ct
245 2457 321 2521 nujus
336 2459 491 2524 Panegyrici
504 2461 615 2527 initium,
652 2460 688 2520 ui,
708 2474 785 2521 quem
804 2474 837 2509 ex
857 2466 959 2509 seruato
977 2459 1064 2522 uliquo
1081 2457 1184 2521 codice,

79 2533 217 2584 exordium
228 2532 303 2583 fecit.
336 2535 395 2584 lloc
409 2544 496 2586 tamen
514 2552 564 2587 nou
580 2553 614 2588 a·
652 2535 797 2602 proiectum
814 2544 944 2601 putamur.
961 2535 1119 2586 Sclunrzius.

79 2623 131 2674 quc
148 2609 312 2659 historiarum
330 2612 500 2675 scriptoribus
521 2628 615 2665 couve-
686 2612 827 2676 Nitriirt'te]
843 2614 934 2664 Bene:
953 2620 980 2662 at
991 2618 1185 2662 coutrcencto·

81 2688 147 2743 nire,
163 2688 343 2738 historicorum
362 2689 441 2739 r‘acile
460 2691 556 2754 primns
574 2691 616 2742 Li·
653 2687 758 2737 ritatem
771 2689 889 2738 codicum
901 2688 965 2737 Mas.
982 2687 1140 2749 aliorumque
1153 2685 1185 2735 li·

82 2763 140 2813 rius
152 2762 235 2814 refert
247 2767 272 2813 iu
285 2763 396 2814 Praet'rt.
409 2766 455 2815 lib.
468 2780 487 2815 ι.
505 2767 582 2816 Beru.
653 2764 757 2814 brorum
780 2778 945 2827 excusorum,
967 2762 1083 2814 Jacobnr
1106 2761 1139 2810 do
1160 2761 1186 2812 la

118 2839 154 2888 Ut
169 2855 216 2890 rer.
234 2841 333 2905 agend]
352 2841 439 2891 Rebus
457 2842 617 2906 quibuslibet
653 2841 745 2890 Bnune
767 2855 809 2890 ιι.
832 2843 905 2890 1576.
927 2838 1011 2888 edidit
1030 2838 1092 2886 nillil
1109 2842 1183 2888 recta.

80 2917 192 2980 agendis
213 2916 341 2967 Romanos
360 2932 444 2975 sacra,
463 2935 508 2968 seu
526 2935 616 2983 precn-
654 2916 790 2978 Ceterum,
802 2924 914 2965 veterem
931 2928 1028 2964 morem
1040 2914 1186 2964 oretiounm

82 2995 193 3055 tionum,
211 3008 257 3042 sen
271 2994 442 3058 auspiciorum
460 2994 616 3060 adhibuisse,
654 3007 671 3043 a
691 2993 882 3057 precationibus
903 2991 1084 3043 ordiendarum
1106 2992 1186 3041 etium

82 3082 160 3117 nemo
174 3083 223 3117 uon
234 3071 315 3118 novit.
351 3070 407 3119 ιιι.
417 3069 460 3120 lib.
470 3084 489 3118 ι.
506 3069 617 3135 ‘Augu-
653 3069 768 3132 Serviue,
781 3069 939 3119 Scholiastce
954 3068 1124 3130 Virgilium,
1140 3067 1185 3117 de·

83 3146 138 3199 riis,
156 3144 356 3210 sacerdotioque
376 3161 511 3208 rugorum,
529 3153 618 3196 tentor
654 3147 738 3197 clnret
749 3146 780 3196 nd
792 3147 850 3197 lEo.
862 3159 903 3196 ιι.
913 3149 971 3194 901.
984 3144 1027 3195 ubi
1044 3144 1099 3194 lies
1117 3144 1186 3194 luti·

83 3223 164 3272 bonos
178 3223 298 3286 accessit,
310 3233 338 3272 nt
349 3223 413 3272 nihil
423 3222 485 3272 belli
497 3223 618 3287 domique
654 3237 712 3281 nur,
722 3223 731 3250 ⁴
741 3221 874 3273 Praefetua
884 3220 977 3281 Divos,
992 3220 1058 3269 solio
1076 3220 1114 3270 uic
1128 3217 1186 3270 infit

84 3300 244 3364 poetco,nisi
256 3302 401 3363 auspicato,
408 3298 619 3362 gereretur‚'&c.
639 3311 640 3314 ’
655 3296 688 3347 sir
705 3296 777 3347 alto?
811 3296 853 3346 lbi
868 3295 991 3346 Serviunt
1009 3293 1105 3343 ‘Mors
1120 3294 1187 3344 anti·

86 3376 216 3425 Dicendis
229 3378 305 3424 ctiam
319 3391 406 3438 perem
418 3390 506 3425 curem
519 3375 618 3426 adhibi·
655 3371 726 3437 quo,’
744 3372 848 3437 ioquin
863 3374 871 3399 ⁸
884 3384 942 3419 nnus
962 3370 1070 3433 mnjorer
1091 3370 1187 3425 nullam

85 3458 140 3500 taur
152 3458 227 3501 notet
238 3453 296 3501 Vol.
308 3452 381 3501 Mox.
391 3453 465 3501 Prol.
481 3451 528 3502 ‘Si
541 3450 619 3516 prisci
655 3450 811 3505 orationem,
824 3447 874 3496 uisi
890 3445 1018 3496 invocetis
1032 3445 1188 3508 numinibus,

87 3535 205 3578 oratore·
224 3529 255 3579 eb
275 3529 342 3579 Jove
364 3530 399 3581 0.
418 3529 457 3579 Μ.
484 3530 551 3578 beue
568 3528 620 3578 orsi
655 3524 825 3575 inchoabant:
841 3524 1081 3574 sicntsnutomnes
1093 3522 1188 3571 oratio·

86 3606 166 3663 aunt,’
181 3609 230 3655 &c
263 3607 377 3669 Egregie
394 3614 533 3669 utrumque
551 3620 619 3656 coos-
657 3617 703 3652 nes
722 3602 828 3652 Catonis
845 3608 872 3651 et
888 3599 1019 3658 Gracchi;
1035 3614 1094 3648 nem
1109 3612 1188 3662 geue·

86 3682 214 3746 plectitur
225 3683 403 3732 Nazianzenus
415 3680 526 3745 Apolog.
545 3681 620 3747 ‘op
657 3679 711 3728 rale
723 3686 804 3743 ceput
815 3678 840 3727 in
853 3675 971 3727 omnibns
983 3675 1100 3738 legimns.
1134 3674 1188 3723 Un-

86 3758 178 3806 timum
193 3758 332 3821 siquidem,
342 3765 371 3808 ot
383 3759 568 3823 cujuscunque,
579 3759 621 3808 rel
658 3753 691 3804 de
699 3754 793 3805 Cicero
804 3767 851 3818 per
860 3751 1006 3802 irrisionem
1017 3751 1064 3810 eit,
1075 3754 1082 3778 ⁸
1093 3751 1120 3799 Si
1131 3749 1188 3813 quis

87 3834 277 3894 sermonique!
290 3835 386 3898 operis,
402 3835 567 3899 principium,
580 3849 621 3884 or·
658 3845 690 3880 rs
704 3839 792 3880 vetere
803 3830 890 3894 ulique
900 3827 1126 3884 oratione,.lorcru
1138 3838 1188 3889 ego

87 3909 150 3957 dine
166 3910 326 3970 instituetur,
345 3919 370 3959 et
386 3926 416 3959 cx
431 3913 487 3961 Deo
504 3911 622 3975 prodeat,
658 3909 783 3972 optimum
798 3905 956 3957 monimum!
989 3904 1023 3954 Et
1036 3904 1188 3954 Demosthe·

87 3993 116 4036 et
128 3987 154 4034 in
167 3985 251 4035 Deum
264 3985 382 4035 detinet!
400 3988 509 4036 Putorol.
659 4000 706 4034 nes
729 3985 755 4034 in
777 3985 894 4035 orntioue
916 3989 1010 4032 contro
1030 3979 1188 4042 AEsclsinem,

122 4064 226 4114 Dicendi
241 4064 350 4128 initium]
368 4065 450 4114 Vetus
462 4080 515 4113 mos
529 4065 623 4114 Roma·
658 4063 757 4125 asperos
767 4058 1188 4124 plu,ddripes'llturnios‚roirdrois

86 4139 140 4201 nis,
162 4153 177 4187 n
200 4141 351 4204 precatione
379 4142 510 4191 orntioncr
532 4141 623 4192 ordiri.
660 4139 761 4200 εὔχομαι
771 4140 840 4202 rior,
851 4136 890 4187 rui
900 4133 1003 4185 udonus)
1027 4132 1088 4185 Vid.
1102 4133 1188 4192 Cirris·

89 4217 194 4281 Cicero,
207 4217 303 4274 Liuius,
313 4226 404 4269 auctor
416 4218 449 4268 ad
463 4217 623 4269 Herennium
660 4217 732 4283 toplt.
742 4217 821 4270 Bclrr.
834 4215 867 4267 ad
878 4215 903 4266 u.
915 4214 933 4263 l.
950 4212 1026 4260 Idem.
