2708 5056
131 692 225 770 1028·
348 708 364 747 -·
479 711 590 763 nora
613 709 819 761 nantoanra
843 711 885 761 ns
921 708 922 713 ‘

132 877 192 915 nem
213 859 335 912 librarius
359 857 456 910 codicis
481 857 614 920 Patavini,
638 858 664 908 lo
700 871 759 908 cnm
776 857 815 908 aie
833 855 964 908 sententia
978 854 1061 906 Plinii
1077 857 1165 909 multo
1181 858 1237 923 pla·

131 954 184 1005 quo
204 939 324 1003 legimus,
347 934 511 1000 protantium
531 949 575 998 pso
594 934 664 992 stult,
700 935 755 984 olor
776 934 984 998 luculentiorqoe
1005 933 1113 992 eradat,
1132 943 1162 985 et
1177 950 1235 988 enta

131 1017 193 1081 pand
204 1014 268 1064 cobis
277 1013 387 1074 felicitas
406 1012 509 1061 addidit.
551 1012 615 1061 Cum
637 1012 664 1062 lo
699 1012 870 1075 sequentibus
880 1010 968 1061 verbis
979 1012 1071 1071 elica
1083 1014 1235 1065 conveniat.

133 1093 237 1156 vulgate
250 1089 372 1150 lectione,
382 1087 488 1137 verbnm
503 1088 609 1151 probatis
620 1087 664 1138 ab·
699 1087 814 1138 Verbum
837 1087 986 1152 ‘probare’
1001 1088 1097 1153 alioqui
1122 1090 1233 1140 mulne

130 1169 217 1235 solute
235 1167 270 1217 sit
286 1165 410 1230 posltnm,
422 1171 451 1214 ut
469 1179 521 1214 non
536 1165 606 1214 illico
618 1179 663 1229 ap·
699 1176 771 1213 nsum
785 1163 864 1214 babet
875 1165 900 1213 ln
918 1179 945 1213 re
955 1160 1071 1214 militari.
1104 1164 1153 1216 Sic
1163 1165 1233 1217 Plia.

130 1250 233 1308 pareat,
244 1240 305 1306 qnid
321 1253 430 1305 quemne
444 1238 582 1302 Trajanos,
593 1239 663 1302 ejua·
699 1237 785 1301 Epist.
798 1252 828 1288 x.
839 1243 881 1289 89.
906 1239 915 1267 ‘
931 1240 979 1290 llle
1000 1240 1070 1290 eninr
1092 1239 1164 1303 dies,
1183 1255 1233 1309 qna

130 1326 181 1386 due
203 1320 308 1384 conjux,
330 1314 440 1380 probare
460 1314 598 1374 dicaotnr3
615 1315 661 1365 du·
698 1315 808 1378 primum
825 1315 929 1380 probati
950 1323 1020 1373 sunt,
1039 1317 1182 1367 veritatem
1199 1316 1233 1368 ab

129 1397 225 1462 plloem
237 1395 304 1443 viam
317 1391 361 1441 inii
373 1391 447 1455 hujus
458 1391 510 1442 loci
521 1390 661 1442 emendan·
698 1389 736 1440 liis
747 1392 851 1456 originis
862 1407 917 1442 ane
929 1392 1011 1456 exigit
1019 1390 1038 1454 ς’
1054 1390 1086 1440 ad
1105 1407 1186 1457 qnam
1196 1391 1232 1443 lo·

129 1474 165 1523 di.
199 1471 315 1522 Primum
327 1468 473 1531 suspicatus
486 1482 551 1531 sum,
565 1482 661 1532 prono·
698 1481 756 1518 cnm
784 1470 843 1519 ride
869 1470 996 1519 contium.
1035 1469 1149 1518 Sneloo.
1166 1470 1233 1521 Ces.

128 1562 188 1599 men
198 1548 269 1605 idem
279 1545 339 1612 qnia
351 1545 376 1594 id
390 1550 571 1608 praecesserat,
580 1559 661 1595 essea
697 1555 756 1607 cap.
769 1549 811 1594 65.
828 1545 950 1594 ‘Milites
967 1558 1051 1607 neque
1070 1557 1085 1592 a
1105 1543 1230 1607 moribus,

129 1623 242 1674 librariis
260 1622 341 1672 altero
358 1622 416 1672 loco
433 1621 578 1672 oscitanter
594 1635 661 1684 prae·
697 1633 782 1683 neque
794 1635 809 1670 s
820 1618 933 1683 fortuna,
951 1618 1095 1682 probabst3
1114 1620 1163 1670 aed
1174 1627 1231 1672 tan·

115 1700 285 1767 ⁸ternalaanm,
303 1697 419 1761 adeoque
435 1696 521 1745 denno
538 1705 659 1759 repetan-
697 1702 752 1745 tum
765 1712 780 1746 a
793 1696 905 1747 alrlbna!
938 1697 1021 1746 Tacit.
1032 1696 1161 1748 German.
1173 1710 1229 1762 cap.

127 1776 199 1833 dum,
210 1782 239 1826 nt
250 1776 374 1839 legamus,
391 1775 453 1823 idem
467 1773 573 1836 probatis
585 1789 617 1823 ex
626 1789 658 1824 ω.
697 1777 738 1822 1³.
748 1776 756 1804 ‘
766 1772 847 1824 Arma
857 1787 960 1825 sumere
969 1787 1020 1823 noo
1033 1780 1094 1823 ante
1106 1774 1229 1840 cuiqua-

128 1869 192 1917 pam·
211 1854 229 1903 i.
245 1866 268 1904 c.
289 1852 359 1902 idem
382 1866 415 1902 ex
438 1851 504 1915 pari.
518 1852 658 1901 animorum
696 1852 871 1916 moriuqnsm
888 1852 977 1902 civitas
988 1849 1159 1902 suffecturum
1172 1867 1229 1919 pro·

128 1929 296 1980 consensione
323 1928 412 1984 vultis,
439 1935 467 1978 et
494 1942 544 1976 non
568 1929 660 1990 rullia3
697 1925 816 1978 benerit?
850 1927 951 1978 Deinde
961 1927 1041 1977 etiam
1054 1927 1086 1976 sd
1107 1928 1228 1992 aliosap·

127 2013 208 2070 prout
229 2006 330 2056 Plinius
352 2017 431 2068 snpra
453 2004 529 2066 dixit,
548 2017 619 2053 urs.
636 2009 661 2056 ⁵.
696 2003 817 2066 plicatur,
834 2019 942 2070 quornm
961 2004 1014 2053 vita
1032 2012 1060 2054 et
1078 2018 1167 2055 morea
1184 2020 1229 2056 ex·
1248 1998 1255 2007 ’

127 2081 244 2131 ‘Eadem
257 2081 355 2144 essu,
365 2095 423 2144 qnoe
436 2089 551 2136 senatus,
565 2082 659 2144 probat
695 2080 841 2144 plorantur,
860 2086 1020 2145 spectentur,
1038 2081 1228 2144 approbanter,

125 2154 328 2222 improbatqne.’
362 2155 465 2206 Sedslc
481 2157 658 2208 nonsatisco·
696 2163 724 2206 et
742 2158 854 2219 placent.
894 2157 995 2207 Pliuina
1013 2171 1103 2220 supra,
1125 2162 1228 2210 xant.

125 2234 209 2283 beret
226 2232 386 2297 subsequens
403 2234 534 2283 sententia
545 2247 560 2281 a
573 2234 660 2284 Plinio
695 2232 819 2284 ‘Felices
838 2234 905 2297 illos,
924 2248 1033 2298 qnorum
1056 2231 1124 2283 fides
1142 2241 1170 2285 et
1186 2235 1227 2286 io·

127 2310 218 2373 alluta,
228 2308 334 2373 aibilqae
348 2308 413 2358 ooba's
423 2308 533 2369 felicitas
548 2310 660 2370 addidit5
694 2307 797 2359 dustria
815 2324 866 2360 nou
886 2324 934 2372 per
955 2311 1131 2360 internuntios
1144 2318 1170 2360 et
1189 2311 1227 2363 in·

126 2401 185 2452 qnae
197 2401 247 2436 non
260 2393 311 2436 lam
323 2392 436 2436 mutuam
446 2388 587 2436 animorum
598 2400 659 2437 coo·
689 2384 835 2449 terpentes,
853 2385 898 2435 sed
918 2385 952 2435 ab
972 2387 1028 2450 ipso
1049 2392 1092 2446 te;
1116 2400 1165 2438 nec
1183 2402 1226 2438 an·

126 2466 270 2514 sensionem
292 2472 321 2514 et
339 2464 563 2528 approbationem,
582 2478 657 2530 quem
695 2460 765 2510 ribus
803 2462 863 2525 tois,
903 2461 950 2511 aed
988 2463 1079 2525 oculis,
1115 2464 1227 2527 proban·

124 2541 260 2605 utriusque
285 2541 459 2590 conatcnlicm
483 2541 570 2600 animi,
595 2555 657 2590 enn-
694 2537 755 2585 lut!
788 2538 871 2601 Epitl·
888 2551 920 2586 1¹·
935 2537 1114 2596 1³·‘th022
1134 2541 1227 2603 (lullus

126 2615 237 2680 demque
258 2617 318 2666 vitae
342 2616 467 2665 modestae
486 2622 613 2679 tenorem,
629 2617 656 2667 in
693 2627 768 2677 quam
789 2613 914 2677 probatus
934 2627 1060 2677 carusque
1077 2615 1115 2664 sit
1135 2613 1227 2666 uobis:

125 2694 228 2756 privata
239 2693 393 2758 publicaque
402 2692 516 2753 fortuna,
525 2694 656 2757 respicere
692 2689 850 2752 Epiacum.
866 2694 907 2740 24.
922 2691 929 2717 ¹
942 2691 983 2740 Nc
1000 2689 1071 2738 rudis
1089 2697 1119 2739 et
1137 2692 1225 2756 incop'·

124 2767 237 2818 ridetur.
271 2768 364 2831 ltaque
382 2767 488 2829 deinde,
504 2769 656 2819 mollissimo
692 2766 771 2825 nilus,
784 2781 859 2829 (μείω
874 2767 1024 2829 exploratur
1037 2765 1226 2832 probatusque,

124 2844 240 2895 remedio
259 2857 329 2904 risos,
347 2843 448 2893 unicam
469 2843 569 2893 literam
589 2859 610 2906 a,
629 2846 654 2893 in
692 2839 835 2897 humanior,
861 2842 959 2899 melior.
988 2841 1068 2893 inisse
1091 2843 1227 2895 videmia-¹

123 2918 259 2970 fineverbi
275 2917 390 2982 probetis,
402 2918 581 2968 dimittendam
593 2934 653 2969 cen·
692 2916 795 2966 Prolati
816 2934 847 2968 ex
868 2933 943 2981 equo,
966 2919 985 2967 i.
1001 2933 1024 2967 c.
1046 2920 1090 2983 qni
1112 2922 1224 2983 spectati

123 2997 172 3060 sui,
187 3005 216 3046 nt
232 3011 279 3059 pro
294 2996 411 3060 probatis,
428 2995 585 3045 rescribatur
598 3011 654 3059 pse·
692 2995 766 3056 estis,
788 2994 940 3058 laudemque
962 3002 989 3045 et
1007 2995 1224 3059 approbationem

123 3071 191 3129 boti,·
208 3086 282 3135 quem
294 3071 502 3120 emendationem
514 3071 593 3120 etlam
603 3072 653 3122 Pe·
692 3069 833 3131 meruistis,
855 3072 986 3135 utrinque,
1007 3072 1062 3122 aive
1088 3086 1176 3137 aeque,
1197 3074 1224 3124 in

122 3147 221 3197 riaonio
237 3147 262 3195 in
278 3153 390 3195 mentem
405 3147 517 3210 venisse,
535 3160 604 3196 nnnc
620 3161 654 3196 ex
692 3152 763 3195 statn
775 3145 884 3210 private
896 3144 1017 3211 fortune,
1029 3148 1054 3196 in
1067 3147 1225 3213 qnofnislis,

121 3222 259 3273 Arotsenii
292 3224 359 3273 notis
393 3223 518 3287 intelligo.
567 3223 653 3289 Atque
690 3233 721 3270 ao
745 3221 770 3269 in
795 3229 866 3271 stetu
888 3223 1000 3272 excelsae
1020 3223 1224 3289 principalisque

120 3296 200 3348 etiam
219 3298 343 3348 Bebriom
362 3299 408 3353 aie,
426 3300 472 3348 aad
491 3315 548 3350 cum
567 3301 652 3352 inutili
691 3294 814 3358 fortunae,
826 3299 851 3346 in
864 3312 915 3363 quo
926 3300 1077 3350 nnneestis.
1112 3302 1166 3352 Ubi
1178 3317 1223 3355 no·

121 3381 271 3436 augmento,
292 3373 486 3423 rescribendum
508 3374 652 3444 judicasse,
690 3375 784 3424 taulus
795 3383 835 3426 est
847 3378 952 3441 elegans
968 3393 1028 3428 naua
1045 3377 1175 3439 formulae,
1192 3396 1223 3431 ex

119 3447 291 3511 deprehendi,
307 3448 653 3516 probotilutereosexoequo.
689 3463 764 3513 oeqtlo·
799 3451 879 3502 ovid.
892 3452 1001 3503 Herold.
1014 3453 1098 3517 Epist.
1112 3460 1222 3506 xvussl.

120 3524 206 3574 Nemo
218 3537 279 3572 sero
291 3525 391 3572 nescire
402 3533 498 3588 porcat,
511 3543 587 3592 qnam
600 3531 650 3580 ire.
689 3527 697 3553 ‘
710 3527 797 3589 Dixit,
810 3534 838 3577 et
855 3541 886 3577 ea
903 3544 976 3593 oequo
994 3530 1067 3579 donis
1084 3528 1221 3596 formaque

119 3606 232 3666 quenler
246 3600 329 3648 literae
348 3614 587 3662 supervacuaneum
603 3607 651 3656 inl·
688 3603 816 3666 probru?
839 3604 912 3654 Item
921 3606 1005 3669 Epist.
1014 3618 1061 3655 xx.
1071 3610 1129 3657 12³.
1142 3609 1220 3658 “l'or·

120 3678 228 3741 lio,tum
238 3673 282 3724 fini
293 3689 435 3731 vocum,ex
447 3677 651 3740 culpalibrario·
688 3695 770 3745 qneor
781 3696 813 3731 ea
827 3696 910 3747 equo,
931 3684 971 3732 rel
989 3694 1015 3733 le
1034 3684 1161 3744 nubente,
1179 3689 1219 3736 vel

118 3765 187 3813 rom,
198 3752 366 3812 accesserint,
380 3752 427 3800 ulai
444 3752 484 3802 cui
502 3768 552 3803 non
569 3759 650 3806 conti·
688 3756 778 3820 egre)
812 3758 897 3809 Tacit.
917 3759 1010 3810 Annei.
1032 3773 1097 3809 xrrr.
1115 3766 1141 3811 2.
1164 3762 1218 3812 ‘lli

119 3828 158 3892 git
176 3835 290 3878 tractare
307 3826 411 3878 codices
427 3828 491 3877 blas.
523 3831 558 3879 Et
573 3846 649 3896 quam
688 3844 804 3886 rectores
830 3837 1004 3900 imperatorie
1033 3840 1165 3904 juventae,
1192 3849 1219 3891 et

118 3903 197 3953 facile
208 3903 264 3954 fieri
280 3905 374 3967 potuit,
390 3912 418 3953 ut
435 3905 534 3955 librsrll
546 3908 650 3970 quidem
687 3915 744 3977 pari
756 3915 781 3963 in
793 3915 918 3964 societate
930 3916 1053 3978 potentiae
1063 3918 1218 3982 concordea,

118 3988 220 4032 veteres
232 3981 358 4044 putarint,
368 3995 401 4029 ex
413 3981 580 4033 similitudine
592 3999 649 4034 ver·
686 3987 792 4039 direrss
818 3996 874 4039 arte
903 4005 936 4039 ex
962 4005 1036 4056 aequo
1065 3992 1217 4055 pollebant:

118 4057 209 4108 borum
233 4055 446 4120 praecedentium,
467 4060 533 4121 estis,
552 4059 650 4125 scistis,
687 4064 803 4115 Burrlrns
814 4065 967 4116 militaribus
986 4067 1063 4124 curis,
1074 4076 1102 4117 el
1121 4072 1217 4121 aeaeri-

116 4133 281 4184 acrlbendnm
294 4133 371 4182 etlam
388 4148 445 4183 esse
459 4135 574 4197 probetis,
590 4152 648 4187 cnm
687 4147 742 4190 tate
758 4156 873 4203 morum;
888 4141 988 4192 Seneca
1005 4146 1148 4209 preceptis
1167 4147 1217 4196 elo·

117 4213 232 4262 scribere
260 4210 412 4264 debuissent
436 4211 552 4274 probati?
595 4214 647 4265 Qui
686 4217 809 4281 autentim,
833 4224 861 4267 et
883 4219 1005 4269 comitate
1020 4220 1151 4283 honesta,'
1169 4226 1218 4274 tte.

116 4303 191 4338 error
203 4289 325 4352 deinceps
343 4287 368 4337 in
384 4293 423 4335 tot
443 4287 555 4352 reliquos
567 4288 647 4339 libros
685 4293 810 4344 Quinctil.
833 4294 981 4343 Declamat.
1004 4299 1063 4345 ³79.
1087 4298 1217 4350 ‘Inimici

117 4365 248 4415 derivatus
264 4372 314 4415 est.
350 4364 423 4413 Dixit
442 4364 519 4427 igitur
537 4365 647 4423 Plinius,
684 4377 745 4418 anot
757 4383 790 4419 ex
803 4369 885 4432 pari;'
904 4371 971 4434 quod
989 4371 1088 4423 dictum
1102 4375 1217 4437 videtur,

116 4442 184 4492 Idem
195 4443 253 4492 estis
264 4441 372 4502 invisens,
381 4441 541 4504 summotis,
551 4443 648 4505 prebui
685 4452 714 4495 nl
724 4460 756 4494 es·
766 4461 841 4510 equo.
858 4446 941 4496 Idem.

115 4531 232 4578 ecoepuo.
265 4515 647 4570 Tantolnbentiusnnncbane
716 4521 787 4571 Scire
808 4523 923 4588 cepistis]
949 4524 1039 4574 &dex
1063 4527 1216 4586 Patavium,

115 4591 269 4642 lenissimam
278 4591 485 4644 emendationem
496 4595 648 4660 amplector,
684 4610 733 4661 pro
743 4598 858 4663 cepistis,
869 4598 950 4651 habet
965 4601 1082 4663 potentin
1099 4616 1151 4654 non
1163 4620 1216 4656 roa·
