2708 5056
140 674 206 741 574
490 689 597 742 uorn
624 690 827 742 vnerorou
853 690 897 742 ru

173 832 219 883 Sui
238 837 407 898 parentemque
421 830 546 897 peritent]
563 834 670 886 Scilicet
707 833 872 894 beneficium,
881 835 902 885 ri
912 834 988 886 liberi
998 835 1104 898 cirion,
1114 839 1239 903 anguine

139 912 225 975 potuit
237 912 308 962 ciret
317 911 365 962 rub
373 920 482 977 tyranno
490 913 608 963 virenter
615 928 668 978 pm·
705 921 734 963 et
744 913 869 973 credibile,
878 914 904 962 ir.
913 926 938 965 e.
951 913 1026 964 bonit
1038 916 1182 966 occimrern
1193 918 1238 966 eii·

138 989 224 1039 nitere
233 997 392 1052 posterorum
405 1005 518 1053 tuorum,
527 1005 591 1055 quur
600 1006 669 1056 mag·
705 1003 778 1039 nrum
788 989 893 1054 civium,
905 990 1069 1040 nutricatur!
1085 991 1208 1043 norm

138 1065 179 1114 nia
197 1065 300 1129 quidem
320 1067 388 1116 curia
406 1066 585 1131 laboribusque
604 1069 667 1117 edu·
738 1065 838 1115 Nemini
855 1071 892 1115 eat
909 1065 1029 1129 wien]
1049 1067 1105 1116 Cic.
1124 1066 1202 1118 0dte.
1218 1083 1237 1119 a.

137 1144 270 1204 caveriut;
280 1158 347 1193 noue
359 1158 421 1194 reru
431 1144 559 1202 riderent,
568 1146 669 1207 repaci-
705 1145 746 1192 tt.
757 1142 800 1192 ubi
810 1143 863 1205 egit
873 1142 908 1192 de
919 1141 1092 1192 benedoeatia
1102 1156 1135 1194 ee
1145 1143 1239 1195 libera·

137 1221 197 1283 tati,
207 1227 234 1269 et
244 1219 403 1283 crudelitati,
415 1220 566 1286 libidinique
579 1228 667 1284 tyrae·
704 1219 788 1282 litate,
799 1220 900 1280 multae,
910 1234 1006 1283 eatque
1018 1210 1170 1284 praclueeo,
1179 1237 1238 1286 qao

137 1296 174 1352 ni.
193 1296 344 1360 exporitoe3
362 1295 488 1360 inprimit,
506 1296 528 1344 ai
546 1305 667 1360 parentea
703 1296 753 1345 bno
764 1304 897 1360 spectant,
905 1295 1049 1345 rentenrtm
1058 1293 1151 1347 afferre
1170 1299 1239 1351 ‘Qut

136 1369 186 1435 ipri
206 1371 340 1435 anppliciia
354 1368 466 1420 liliorum
481 1371 608 1421 intereaae
622 1387 666 1422 eo·
704 1373 761 1421 eliie
777 1371 894 1430 necent,'
911 1372 1005 1436 iuquit.
1021 1373 1067 1422 ‘nt
1084 1373 1111 1423 ia
1126 1374 1193 1424 aliua
1210 1376 1238 1425 li·

137 1453 262 1510 gerentur
273 1463 280 1496 ι
297 1445 366 1511 quod
378 1445 476 1497 facturn
488 1456 529 1497 eat
540 1448 666 1512 Caligulae
703 1448 805 1499 bernier
815 1449 913 1513 riot,in
924 1448 1015 1498 eadem
1026 1457 1089 1498 auat
1100 1449 1241 1515 iuiaatitia,

135 1524 304 1586 temporibus,
316 1530 384 1573 terte
395 1524 502 1574 Sueten.
517 1524 599 1588 Celig.
607 1538 666 1589 eap.
703 1534 733 1576 nt
748 1527 770 1576 ri
786 1527 812 1576 in
823 1540 895 1577 ruam
907 1540 963 1576 rem
975 1526 1059 1576 aliena
1071 1535 1237 1579 ene-errent

134 1603 176 1650 at.
200 1600 335 1649 Poenitere
346 1614 390 1650 eor
403 1600 488 1664 potuit
499 1598 579 1661 ‘eui3'
596 1600 665 1665 quod
703 1602 769 1652 Sunt
785 1611 872 1653 nutem
889 1603 971 1659 multi.
983 1611 1012 1652 et
1026 1601 1133 1668 quidem
1148 1604 1239 1667 napi}

133 1676 300 1728 reservarint
314 1676 664 1742 tamdnritperieuinrlaque
702 1679 847 1742 epleudorir
873 1686 902 1729 et
927 1680 1028 1743 glorie,
1051 1679 1097 1744 qai
1122 1680 1239 1743 eripiuat

134 1754 305 1818 temporibus,
332 1760 362 1802 ut
385 1752 514 1802 rervirent
538 1752 664 1802 voluntati
701 1755 766 1817 aliie,
776 1755 846 1820 quod
857 1756 914 1805 aliia
923 1756 1078 1819 largiantur·
1092 1757 1237 1808 ...Quare

133 1829 247 1894 tyranni,
263 1843 313 1878 uec
329 1844 383 1879 aure
398 1828 503 1878 rietatis
514 1826 584 1876 eliud
597 1841 664 1890 prae·
702 1832 733 1882 L.
743 1833 835 1898 fluite,
845 1839 873 1883 et
885 1833 919 1884 c.
932 1818 1056 1890 enacim
1065 1834 1237 1897 pecuniam

133 1906 222 1963 mium,
240 1920 315 1970 quam
334 1905 486 1967 cruciatum,
504 1904 622 1963 exitium,
636 1911 664 1955 et
701 1909 834 1958 tranrletio
846 1923 861 1959 a
871 1909 951 1973 jeatir
967 1907 1080 1958 mutate
1091 1909 1126 1958 ad
1137 1910 1238 1960 aliem

133 1993 274 2038 mortem.a
285 1991 395 2047 tyranno
405 1988 586 2044 expectarent.
604 1981 664 2031 Pre-
700 1997 752 2034 nun
768 1984 848 2035 debet
865 1985 979 2035 literali·
994 1983 1096 2033 rideri:
1114 1985 1181 2034 atntt
1197 1992 1239 2036 eat

131 2059 215 2108 nitere
233 2059 346 2122 denique
364 2056 468 2106 eordem
485 2057 565 2106 etiam
577 2057 664 2121 putuit
699 2062 769 2111 enlm
779 2062 896 2125 liberale,
904 2061 973 2127 qaod
986 2075 1037 2112 nort
1047 2061 1118 2111 idem
1124 2062 1237 2127 inmun.

131 2134 310 2201 ‘parentum’
320 2136 389 2199 quod
402 2133 435 2183 ub
447 2134 486 2183 irie
497 2135 553 2183 nati
566 2142 663 2196 errent,
702 2169 748 2187 ...
765 2138 839 2189 lueet
857 2145 944 2189 antem
962 2139 990 2188 in
1007 2139 1054 2188 teli
1074 2139 1236 2191 liberalitate

132 2227 147 2261 a
160 2212 263 2277 edibon,
274 2225 321 2275 per
332 2211 459 2260 ueritiam
472 2211 608 2274 principie,
620 2212 661 2261 rel
700 2215 831 2279 cupiditae
846 2217 998 2281 pierumque
1012 2215 1141 2279 rapiendi.
1153 2224 1183 2266 et
1192 2231 1236 2266 aa·

129 2290 231 2351 occisis,
243 2290 284 2338 rel
294 2287 455 2352 exapoiiatir,
464 2301 515 2336 nou
524 2287 588 2336 artie
599 2286 661 2337 edu·
699 2291 812 2350 ferendi,
824 2307 873 2356 per
888 2293 1059 2358 injuriumr
1072 2292 1106 2342 nd
1122 2294 1235 2358 Ιιηὴι.

130 2366 195 2431 carl,
205 2380 254 2416 nec
270 2365 383 2429 aliquam
399 2362 571 2413 hereditatem
583 2377 661 2428 cepe·
698 2368 759 2419 dnm
769 2377 911 2434 roppetent
921 2367 1023 2432 copiae.⁹
1047 2367 1235 2419 llaeelocaeti·

130 2459 169 2500 re‚
182 2445 321 2508 potuerint.
340 2444 416 2493 idem.
699 2460 740 2495 arn
754 2447 933 2509 Berueggernr
939 2444 994 2508 jam
1007 2443 1146 2494 extiterit.
1172 2445 1234 2494 cre·

166 2523 201 2571 Ut
209 2523 321 2582 fueram
334 2522 419 2586 rutuli]
440 2520 574 2580 Utserurii
588 2521 663 2571 rotali
699 2519 1113 2584 dar‚Latin.Pacetumiraboiaae
1121 2520 1233 2571 Pilutu-

129 2599 208 2650 Grnt.
241 2599 283 2650 lta
296 2600 398 2664 quidem
412 2600 502 2660 editio,
514 2613 589 2663 quern
603 2614 661 2663 pro·
697 2599 724 2648 ln
743 2599 870 2654 manibua,
889 2612 959 2660 cum,
979 2609 1076 2646 xxrtt.
1095 2599 1119 2646 l.
1139 2597 1234 2646 cimilia

128 2676 313 2726 curaritnobie
322 2677 435 2740 optimu·
444 2675 574 2724 Livineius
580 2694 588 2736 ;
604 2676 662 2737 red,
697 2674 841 2725 aeriberet:
858 2674 928 2723 ‘Fut
944 2672 1122 2736 improborum
1138 2671 1233 2736 priari-

129 2769 187 2804 rum
199 2754 277 2804 abeat
289 2753 367 2803 verbo
379 2768 430 2803 nnn
440 2769 457 2802 e
467 2753 598 2817 scripture
609 2756 661 2805 rui·
697 2750 778 2816 pnm,'
788 2750 882 2816 iuquit,
891 2753 1040 2812 ‘postrema
1050 2745 1181 2804 deterere,
1190 2761 1233 2798 art·

127 2844 199 2899 grta,
208 2847 292 2899 neque
304 2833 380 2882 ulline
392 2831 541 2881 mutetioola
552 2833 660 2882 mentio·
696 2826 765 2877 terre
782 2825 895 2877 donandi
911 2825 1005 2889 gretie,
1016 2830 1044 2872 et
1055 2822 1181 2875 inuidiam
1194 2839 1231 2874 re-

127 2928 186 2963 nem
198 2911 276 2962 iacirt
289 2912 394 2961 innoti·
406 2911 605 2975 ruir,ruepicari
617 2926 660 2961 co·
696 2903 815 2968 trimum
835 2900 1014 2964 mmlildiffl
1033 2912 1172 2950 mem
1188 2899 1232 2950 θ’·

126 2988 410 3055 gomilludserorr‘ierre
421 3001 556 3051 operarum
567 3001 659 3050 perca·
696 2978 818 3043 plectri-⁸
834 2978 910 3027 Idm·

127 3073 192 3121 tum,
205 3062 558 3130 reponendumqueserorrrm.
573 3062 650 3113 (leot.
730 3055 859 3119 Ereptum]
877 3054 947 3105 ‘Qui
965 3052 1024 3103 aliia
1038 3056 1150 3112 audent.
1160 3057 1191 3103 ai
1206 3051 1233 3103 ia

160 3142 275 3192 Ferarum
292 3141 377 3204 ortuli]
396 3140 505 3200 Navius,
522 3139 660 3204 Livineiua,
696 3132 761 3182 aiioe
771 3132 891 3181 liberales
905 3131 969 3192 rint,
980 3129 1006 3179 ia
1017 3127 1110 3179 erre·
1122 3129 1231 3180 autin·

125 3225 154 3268 et
177 3218 339 3268 Puririenrer
362 3232 403 3266 au.
424 3220 499 3266 luit.
519 3216 657 3266 ediderunt
691 3210 913 3275 jnrtitiu,utriiu
925 3222 996 3258 ruem
1009 3206 1230 3257 remalierreeuar·

117 3293 210 3352 furni
234 3294 316 3343 rutuli.
359 3292 426 3344 Qum
449 3291 530 3340 lectio
554 3305 658 3355 prorrur
694 3288 817 3351 vertunt,’
833 3287 889 3337 Cic·
902 3283 990 3337 0831.
1006 3283 1125 3348 ‘Cupidi
1143 3284 1228 3348 aplea·

126 3368 181 3416 ubit
194 3382 209 3417 a
223 3368 353 3430 scripture
365 3365 562 3430 volgata,eteb
576 3368 657 3416 ornui·
695 3363 765 3413 dorio
785 3372 812 3413 et
835 3365 925 3428 gloriae
946 3361 1062 3426 eripiunt
1083 3359 1154 3425 quod
1175 3360 1229 3410 eliir

125 3443 172 3495 bur
189 3443 322 3494 codicibus
339 3443 406 3491 Mra.
418 3443 496 3491 immo
512 3449 539 3490 et
555 3441 588 3490 eb
600 3444 657 3506 ipro
695 3440 859 3504 teretrum&
888 3438 957 3489 idem
984 3437 1047 3487 ibid·
1076 3435 1169 3486 ‘Nun
1192 3442 1230 3486 eet

124 3520 276 3583 continere
287 3519 397 3568 Latium.
423 3517 656 3578 Unde,cumi}rn-
693 3519 780 3581 magui
796 3517 884 3573 animi,
899 3515 942 3580 qui
961 3515 994 3565 de
1014 3511 1229 3563 ettenutibentir

124 3602 195 3646 terur
206 3612 262 3646 eam
273 3596 410 3645 lectionem
422 3593 563 3644 tuventoer
575 3593 600 3643 in
613 3595 657 3644 Li·
693 3602 753 3655 ωας
768 3593 812 3643 red
831 3594 885 3655 iiie,
897 3593 949 3657 qui,
960 3588 1028 3656 quod
1045 3587 1126 3639 alteri
1141 3588 1230 3642 nourr,

125 3672 201 3722 aineii
218 3671 344 3727 editione,
360 3684 444 3736 neque
459 3668 656 3720 rutmadrerrte-
693 3670 743 3720 eibi
756 3667 889 3731 detrahit,'
900 3669 993 3718 Senec.
1006 3667 1073 3716 Bru.
1083 3678 1104 3716 t.
1114 3669 1161 3716 2⁰.
1177 3665 1227 3716 ’ΒΔ

123 3755 174 3809 aet,
185 3747 328 3797 Lirinetum
341 3745 576 3796 ulliurmutatiouir
586 3760 656 3797 men·
692 3746 852 3796 liberalitate
870 3754 1051 3807 titanumque
1068 3742 1154 3806 prurit
1168 3742 1228 3793 ami·

123 3823 220 3873 tionem
237 3821 523 3883 fucereinuotirauia3
540 3824 656 3886 enapioe·
692 3818 1043 3883 cimuuoeatneniuilclc.
1054 3815 1146 3869 ΟΜ
1178 3816 1226 3869 fleti

123 3906 166 3949 tur
185 3907 235 3961 ert,
254 3900 317 3950 iliud
329 3899 421 3960 suarii
441 3913 499 3949 erre
518 3913 655 3963 operarum
691 3898 821 3962 Trajauur
833 3912 848 3946 a
860 3895 978 3960 pecuniia
986 3891 1078 3942 alienia
1089 3899 1118 3943 et
1131 3891 1228 3957 injurie

123 3987 270 4043 precntum,
293 3977 519 4042 reponendumque
534 3977 655 4038 ferorum.
692 3974 809 4025 caedibus
821 3972 956 4023 abstinuit.
975 3969 1039 4019 Dio.
1056 3968 1138 4018 Bm.

122 4055 176 4107 Sed
194 4057 285 4119 miror,
295 4069 327 4105 ne
341 4055 445 4120 quidem
463 4052 616 4108 Gruterum,
628 4053 654 4102 in
725 4052 778 4103 Nec
789 4046 964 4113 burcpuidcra]
981 4045 1072 4097 Codex
1084 4044 1226 4099 Vaticaa·

121 4132 655 4185 Fruncoinrtenaeditiooean.idomen-
691 4132 766 4178 tddl.
783 4140 830 4190 pro
850 4138 914 4174 roco
930 4124 1002 4186 luae,
1019 4121 1100 4173 babet
1116 4121 1181 4180 terr
1200 4126 1226 4171 at

121 4211 182 4261 duro
192 4211 253 4260 illud
262 4209 568 4259 emendandumcorarre.
577 4205 653 4256 Quod
692 4217 834 4268 pronomen
859 4202 932 4266 quari
954 4199 1086 4249 referatur
1106 4199 1142 4247 ad
1162 4198 1226 4248 inte·

121 4289 143 4337 ai
163 4301 233 4350 vero,
244 4285 346 4335 fetente
366 4281 518 4344 Columella,
529 4283 554 4330 in
571 4278 654 4330 Prml'.
690 4294 762 4345 gram
776 4281 941 4329 uertentium.
973 4274 1025 4325 Sed
1044 4272 1162 4338 prefero
1176 4275 1224 4322 lue

119 4365 166 4414 lib.
178 4378 197 4413 r.
210 4362 243 4412 de
256 4365 294 4412 lle
307 4364 380 4412 Rnrr.
399 4361 478 4410 etium
495 4359 604 4423 ‘preda
622 4373 654 4408 ex
689 4358 787 4407 tionem
801 4355 955 4417 reliquorum
967 4353 1092 4401 librorum
1103 4351 1224 4401 omnium.

120 4439 210 4490 militie
220 4447 297 4502 capta
308 4437 381 4486 nobie
391 4437 453 4486 nihil
465 4436 519 4485 eine
529 4436 653 4500 sauguine
690 4433 744 4482 Cur
759 4437 845 4481 antem
863 4430 995 4494 princepe,
1004 4427 1177 4491 iocupletatia
1190 4427 1224 4477 ci·

121 4525 149 4565 et
164 4515 280 4564 cialibus
295 4513 385 4562 alienir
399 4509 474 4562 affert
485 4511 501 4573 ;'
519 4527 593 4577 quum
605 4511 652 4560 lle·
692 4509 775 4566 ribus,
787 4522 838 4558 uon
855 4505 997 4571 pauperior
1014 4504 1150 4561 reddatur,
1162 4502 1224 4553 iudi·

120 4589 182 4656 bile,
194 4605 292 4656 quero,
304 4596 332 4641 et
342 4604 419 4656 quam
436 4590 599 4654 tyrannicum
611 4595 653 4640 eat
690 4594 734 4640 tet
742 4585 810 4637 idem
818 4583 1012 4636 Lattl’aeatrtrt
1023 4581 1197 4649 ‘Imperatori
1204 4610 1225 4629 .-
