2708 5056
173 679 240 755 628
468 692 470 696 ’
523 701 633 752 noun
656 699 860 752 vaurouuu
884 699 926 751 nt

175 845 278 899 runnu!
310 847 369 900 Qua
376 845 409 898 de
421 860 450 897 re
461 847 535 911 plura
547 846 653 897 trudunt
661 846 709 898 Jn·
744 859 794 896 neo
804 844 891 907 liberi,
902 844 1021 910 cuiquem
1039 842 1149 910 amplior
1166 843 1274 909 pruine·

174 925 315 977 renouauiti
325 925 358 974 ad
370 925 530 986 Pandeetaa,
542 926 584 975 tit.
595 924 643 975 ‘de
655 930 708 974 ata·
745 923 815 985 rint;
833 937 890 993 curn
901 937 993 986 nempe
1008 922 1111 987 quidam
1119 923 1191 972 arari
1203 923 1275 987 prin·

175 1001 342 1052 tnhominom
353 998 372 1062 3’
388 1001 458 1057 item.
469 1001 477 1029 ‘
488 1001 530 1050 Ne
539 1000 572 1050 de
582 1008 653 1051 rtatu
662 1000 707 1050 de·
744 999 817 1063 cinea
835 998 904 1049 hand
923 998 1066 1063 beneficiio,
1081 997 1190 1063 aliiaque
1207 1014 1275 1062 pre·

175 1075 323 1128 functorum
335 1084 396 1140 pout
414 1077 618 1141 quinquennium
636 1092 707 1140 qne·
744 1075 841 1140 rtigiir,
853 1075 984 1139 capturiut
999 1075 1084 1131 orbor,
1098 1088 1194 1139 corque
1211 1074 1276 1126 dici·

175 1152 268 1204 ratur!
301 1153 436 1204 Praeterea
453 1160 709 1205 verouomenrtutna
745 1161 803 1216 ter;
819 1152 875 1216 aed,
893 1167 927 1203 na
945 1152 1144 1202 diutinaeornm
1157 1160 1278 1219 mortem,

175 1230 256 1282 etiam
268 1229 427 1292 aliquantum
436 1230 581 1293 generaliua
591 1231 707 1295 qualem·
745 1242 943 1293 ruprenramqua
955 1229 1125 1290 voluntatem,
1140 1234 1277 1292 exspecta·

175 1319 278 1372 cunque
288 1303 400 1356 fortune
411 1306 673 1370 etdiguitetialocum
681 1314 709 1356 et
745 1317 774 1354 re
790 1318 899 1355 necerae
914 1304 1051 1367 haberent,
1065 1303 1185 1353 immittit
1205 1304 1277 1354 daie·

176 1383 351 1433 conditionem
364 1390 448 1433 notar.
472 1382 549 1433 Unde
558 1384 643 1433 Tacit.
654 1382 708 1432 An·
746 1380 857 1444 torinna,
875 1382 965 1433 ‘bona
981 1381 1097 1431 virorum
1114 1396 1147 1432 ao
1161 1390 1277 1432 mortno·

176 1459 229 1508 nal.
240 1472 284 1509 nr.
295 1462 336 1508 28.
348 1464 356 1487 ⁸
367 1457 530 1520 Multorum:
539 1459 633 1524 inquit,
643 1460 652 1489 ‘
662 1473 708 1509 ex·
746 1471 812 1515 rum,
823 1471 1016 1524 usquequaque,
1032 1456 1149 1523 quolibet
1160 1464 1189 1508 et
1200 1472 1277 1508 accu-

175 1533 223 1586 ciri
234 1541 327 1596 utatur,
334 1541 362 1585 et
374 1542 458 1585 terror
468 1535 585 1585 omuibus
596 1537 708 1587 intenta·
746 1543 842 1598 autore,
852 1541 879 1585 et
895 1535 1015 1597 crimine,
1032 1535 1221 1599 corripuerim,
1238 1541 1278 1587 et·'

175 1610 273 1663 batur!
305 1613 371 1665 Qun
392 1612 522 1675 gencraiia
539 1613 611 1662 notio
629 1613 709 1664 etium
746 1627 798 1679 qne
820 1613 990 1664 alleniruimrr
1012 1614 1092 1665 otiam
1120 1613 1279 1664 hereditater

175 1686 245 1739 bene
260 1689 344 1740 mcum
358 1688 456 1739 dabore
475 1695 563 1752 poteat
578 1688 604 1738 iu
618 1690 709 1741 Plinio.
746 1689 933 1753 condacarint3'
961 1689 1061 1747 adhuc,
1081 1689 1178 1739 ‘multi
1197 1689 1277 1739 etiarn

176 1763 300 1817 Schmun.
746 1779 805 1816 cnm
817 1766 904 1816 liberio
915 1774 943 1816 et
957 1764 1080 1817 uxoribuu
1094 1765 1149 1815 uuir
1163 1764 1279 1815 arconti

212 1843 269 1891 Noa
291 1842 390 1904 orditur,
409 1857 456 1893 auu
472 1842 551 1905 liberi,
569 1843 709 1907 proderunt]
746 1843 808 1899 aiut,
820 1851 898 1907 atquo
915 1840 1051 1893 dannati.'
1082 1841 1160 1894 Quod
1170 1841 1279 1891 Sueten.

177 1919 316 1984 Equidem,
318 1921 373 1983 jam
383 1933 416 1969 ea
426 1920 484 1983 lege
493 1920 575 1985 Papia
584 1922 709 1985 Poppoea,
746 1919 809 1969 Tib.
819 1934 843 1970 c.
853 1924 896 1970 ul.
907 1927 934 1970 et
942 1919 1040 1970 Domit.
1049 1931 1073 1969 c.
1081 1923 1108 1970 9.
1118 1916 1210 1968 refert.
1223 1918 1263 1968 Id.

178 2005 206 2045 et
218 1994 363 2056 caelibatua,
380 2001 408 2044 et
425 1994 533 2056 orbitaa,
544 2004 621 2044 erant
638 1996 708 2045 dam·
780 1997 836 2046 Nou
846 1996 928 2060 lidori]
945 1997 986 2045 Et
1002 1995 1104 2060 legibue
1121 1993 1223 2057 Papus,
1238 2006 1278 2043 or·

177 2085 250 2121 nora.
284 2070 398 2120 caelibes
414 2071 559 2120 euimnihil
577 2085 609 2120 er
628 2077 710 2122 teuta·
748 2070 815 2122 bitur
836 2072 979 2122 damuura:
1001 2078 1029 2121 at
1056 2069 1131 2120 liberi
1155 2068 1279 2132 proderre

176 2154 278 2202 mento,
298 2154 421 2209 parentet
436 2146 493 2195 orbi
509 2146 577 2196 inter
596 2161 625 2196 ae
639 2146 709 2198 deci·
746 2148 887 2207 debebant,
906 2147 1052 2214 praeterriru
1070 2145 1148 2196 terni.
1183 2143 1280 2195 Omnia

177 2237 248 2273 mum
260 2230 371 2283 tuntum,
379 2220 553 2278 nonrolidum.
561 2223 710 2286 capiebant,
748 2233 834 2274 autern
846 2239 915 2275 nunc
932 2224 980 2275 rub
992 2237 1080 2285 nuum,
1091 2220 1161 2286 quod
1174 2220 1280 2285 dieitur,

178 2304 208 2347 et
225 2312 284 2363 qun
293 2297 343 2347 clia
356 2312 444 2347 eorum
456 2307 533 2349 erant
541 2298 711 2349 incommode.
747 2301 889 2365 Myconum
900 2317 908 2359 ;
919 2308 948 2350 et
956 2300 1063 2354 crimen,
1075 2298 1118 2347 ubi
1127 2312 1202 2361 oper.
1212 2295 1281 2360 le'pr.

178 2374 215 2423 At
232 2373 367 2422 enimvero
383 2372 463 2422 nihilo
480 2373 564 2423 minua
582 2374 614 2422 ad
626 2382 710 2426 ntroa·
781 2375 836 2425 Hoc
846 2376 945 2440 malum]
963 2375 1131 2437 'Deiotarum
1144 2387 1218 2438 quor.
1236 2373 1281 2437 qui

179 2449 710 2515 que.per¹accidcnu,'handexiguaidcu·
748 2466 799 2503 uon
827 2453 946 2516 castigat,
973 2448 1080 2501 irritat!
1127 2448 1281 2504 Domitiani.

179 2524 262 2576 tidem
291 2525 472 2577 redundarunt
494 2527 638 2591 commoda,
659 2542 711 2578 non
748 2524 1185 2579 aedrirunlatuuor0'1'aoit.in'1'ib.
1218 2525 1283 2574 Sue·

179 2605 292 2653 colurna
309 2603 420 2667 privatia
431 2603 611 2667 captatorium
627 2613 655 2655 ot
668 2606 712 2654 hess
750 2614 805 2656 tou.
817 2605 893 2654 Dum.
910 2619 969 2670 cap.
979 2608 1005 2653 ⁹.
1038 2604 1181 2654 Delatorea
1199 2614 1281 2664 gerne

179 2678 316 2742 redipetia‚
334 2678 380 2728 aed
403 2679 542 2744 aliquando
572 2679 651 2731 etium
678 2681 712 2731 eb
749 2680 880 2731 hominnm
893 2681 995 2745 publico
1007 2679 1090 2730 exitio
1100 2683 1245 2741 repertum,
1255 2681 1284 2726 rt

178 2755 244 2819 {pria
262 2754 441 2819 principibua3
458 2762 551 2818 utpote
569 2756 623 2820 qni,
639 2758 713 2807 here·
750 2756 853 2821 quidem
881 2770 1011 2820 uunquam
1037 2754 1101 2804 retia
1127 2759 1284 2815 correctum,

181 2832 295 2883 ditatum
318 2841 364 2883 aut
387 2833 533 2896 legatorum
553 2844 713 2897 conaequen·
751 2847 798 2897 par
810 2831 1111 2895 premiaeiioiebautur.
1127 2829 1204 2879 Bm.

180 2907 273 2960 dorum
285 2923 387 2965 cenare,
397 2908 544 2972 huiuamodi
561 2909 645 2969 orbor,
656 2923 714 2959 eoa·
784 2907 925 2970 Princim
939 2905 1056 2970 emutio]
1078 2904 1191 2956 Codicer
1208 2902 1284 2953 vui·

181 3000 233 3052 qna
244 2985 351 3049 diriter,
363 2986 441 3035 veriir
459 2985 558 3035 artibus
574 2995 602 3037 et
618 2985 714 3036 bened·
751 2984 819 3046 cani,
847 2984 1013 3043 Pariaienaia,
1041 2982 1170 3038 Veneror,
1203 2980 1284 3031 Guel-

182 3062 238 3123 ciia,
255 3061 395 3124 demereri,
417 3068 496 3127 atque
519 3061 568 3111 ribi
585 3063 714 3128 obligare,
751 3060 939 3125 pherbytauua,
953 3073 1037 3120 meua,
1053 3064 1082 3107 et
1098 3057 1166 3106 liber
1180 3054 1285 3106 Vortic-

180 3138 332 3190 rtudebant.
368 3137 454 3194 Unde,
467 3145 535 3188 terte
551 3137 639 3188 Plinio
655 3139 714 3189 Ma·
751 3151 810 3198 una,
831 3135 929 3186 habeut
950 3136 1040 3200 Μὴ
1060 3134 1174 3184 domiin.
1216 3132 1284 3186 Quo

177 3213 565 3280 jore,Praei.i.xrr.⁴orbitaa
577 3214 714 3280 aliquando
750 3213 832 3263 lectio
851 3213 993 3263 Arntrenlo
1011 3226 1063 3262 nou
1082 3210 1214 3275 displicet.
1246 3207 1285 3260 At

182 3293 264 3355 eoepit
275 3293 302 3341 in
319 3291 478 3340 auctoritate
495 3305 602 3348 rumora,
614 3299 642 3342 et
653 3306 715 3357 cap·
752 3304 802 3355 ego
820 3289 864 3339 rix
886 3290 987 3346 dubito,
1009 3290 1070 3354 quin
1090 3289 1141 3337 iota
1156 3287 1286 3362 partic-cuiq

183 3367 250 3416 tatio
275 3366 301 3414 in
325 3372 427 3430 quaeatu
449 3362 619 3429 fartiliauimo,
640 3366 715 3417 eree!
751 3367 841 3432 purtim
858 3380 890 3415 ex
906 3364 1062 3428 compendio
1077 3363 1214 3429 rcripture
1231 3379 1285 3430 praa

183 3441 219 3491 Et
230 3442 330 3490 Seneca
341 3440 446 3491 Couroi.
462 3443 494 3491 ad
506 3442 592 3493 Maro.
604 3458 663 3507 cap.
674 3448 717 3496 19.
752 3450 812 3493 orta
823 3443 857 3492 ait
869 3457 876 3503 ς
894 3455 983 3492 necea
994 3440 1056 3490 mihi
1067 3441 1165 3505 piacet,
1175 3441 1285 3491 rireex·

183 3527 191 3552 ⁸
210 3519 242 3569 In
264 3519 371 3569 civitate
391 3517 498 3574 nortrr‚’
517 3521 609 3583 inquit,
632 3528 640 3551 ⁴
658 3523 716 3586 pina
754 3527 866 3585 ponatur
878 3533 926 3583 pro
942 3519 995 3567 ‘ex
1013 3517 1106 3581 parte,’
1121 3518 1177 3568 rire
1193 3520 1285 3583 ‘mag-

185 3597 275 3660 gratita
295 3594 391 3645 orbitra
409 3594 520 3659 confert,
536 3612 612 3662 quam
628 3600 715 3664 eripit.
754 3609 813 3645 urm
834 3592 954 3656 partam,'
977 3593 1033 3642 rire
1050 3594 1076 3643 iu
1094 3607 1188 3644 nomon
1206 3597 1286 3658 ‘par-

184 3671 315 3735 Adeoque
331 3678 493 3721 renectutem
515 3674 636 3730 aotirndo,
658 3691 715 3739 quaa
754 3671 1023 3722 tium'conuertatnr.
1056 3669 1286 3721 Exeodemfouta

185 3750 252 3801 aoiet
264 3749 406 3802 deuouere,
424 3746 456 3796 ad
478 3749 622 3811 potentiam
634 3750 716 3812 ducit,
753 3745 829 3797 fluxit
847 3749 926 3796 etiarn
949 3747 1079 3809 scriptura
1098 3751 1206 3810 meur,
1226 3759 1285 3811 quar

183 3833 215 3876 ut
227 3824 331 3890 quidam
342 3823 402 3872 odia
418 3821 526 3872 filiorum
544 3825 672 3887 rimulent,
689 3835 717 3877 et
754 3823 781 3872 in
798 3823 889 3872 codice
905 3822 1094 3886 Salirburgeoai
1114 3823 1286 3885 conspicitur.

184 3901 282 3951 liberor
300 3900 412 3963 ejurent,
432 3906 459 3949 et
479 3898 617 3950 orbitrtem
641 3916 717 3952 mann
754 3899 841 3949 Multo
853 3899 936 3948 minua
949 3899 1061 3949 admitto
1070 3898 1207 3959 uddrnieti,
1217 3897 1287 3963 quod

185 3974 302 4026 saciant)
336 3974 486 4039 Crrjuanrodi
504 3986 643 4041 corruptor
664 3993 717 4029 mo·
756 3990 803 4040 pro
813 3977 933 4041 sequenti
943 3974 1174 4039 verbo,uduertirti,
1185 3975 1211 4025 irr
1222 3976 1287 4025 libro

185 4066 230 4102 rer
240 4051 318 4101 etiam
331 4059 404 4100 norat
415 4051 525 4100 Patron.
537 4067 561 4102 c.
573 4057 630 4102 uu.
651 4054 717 4106 Qun
755 4053 883 4102 Vouuiauo
895 4060 1008 4102 notatur.
1026 4051 1147 4101 Schmun.

187 4128 296 4194 praemia
306 4126 418 4192 alioquin
431 4128 581 4190 parentibus
597 4131 718 4194 plurimo·
787 4129 853 4180 Aue
871 4128 970 4192 catria]
994 4127 1141 4192 Diaciplina
1160 4132 1289 4178 conectu-

188 4219 245 4254 rum
258 4203 397 4252 liberorum
411 4205 543 4267 oropoaitu
558 4204 666 4266 fuerint,
675 4220 719 4256 co·
756 4204 824 4268 laipr.

189 4281 285 4346 pioaior
306 4277 428 4341 expoanit
448 4280 634 4332 celeberrimur
656 4283 720 4333 liei·
788 4278 962 4343 Ariecurtrir]
979 4279 1101 4330 Sedando
1117 4279 1288 4343 pretoriano-

189 4369 246 4405 nec.
258 4354 283 4402 in
296 4354 469 4404 Commentat.
481 4356 512 4404 ad
524 4358 554 4407 L.
564 4359 619 4410 Jut.
631 4367 658 4408 et
670 4359 720 4407 Pn-
757 4371 812 4407 rum
826 4359 974 4411 tumultum,
985 4357 1028 4420 qui
1037 4355 1084 4404 rub
1093 4356 1183 4405 Nerua
1193 4355 1289 4405 extite-

189 4433 258 4496 piam
279 4430 431 4492 Poppaeam.
463 4423 523 4481 Jam
538 4447 601 4483 uero
620 4434 720 4484 Plininr
758 4443 816 4494 rat,
833 4435 866 4482 do
882 4448 1031 4499 quounpra,
1045 4433 1288 4498 cap·d.aeqq.Pu·

189 4508 298 4569 indicat,
313 4513 376 4555 ante
391 4505 500 4569 Trrjrni
519 4517 635 4572 tempora
646 4523 721 4558 eona·
757 4511 829 4558 turoi.

191 4596 242 4648 qua
254 4597 307 4632 rem
323 4582 488 4646 procursione,
505 4590 533 4635 ot
549 4599 599 4636 nec
614 4584 722 4650 orbitar,
791 4585 899 4636 Praoida
908 4581 1049 4647 munitm]
1067 4583 1203 4637 Librarior
1218 4583 1291 4637 rodi·
