2708 5056
344 333 377 415 o.
400 363 521 416 norun
545 365 713 418 eaouunr
737 367 877 419 nunno.
913 370 940 418 ι.
955 355 1009 420 65.
1161 356 1228 424 878

125 510 254 573 quentorn
266 504 336 557 intra
348 513 384 565 tc,
395 508 583 560 cernerentur-⁹
607 509 662 560 Att-
698 510 732 560 A.
744 525 770 575 p.
780 517 838 563 tto.
850 512 877 563 in
889 512 968 562 rerba
977 529 985 562 r
994 512 1002 542 ⁴
1012 513 1145 578 Principio
1155 517 1226 579 anni,

129 582 158 633 bi
173 582 280 648 pessino.
297 584 381 635 Lirin.
699 587 781 638 vitare
799 589 939 639 Thraseam
967 591 1071 639 solenne
1096 591 1226 656 jusjuran-

122 684 130 692 ·
157 660 237 723 leger
256 662 489 728 reproprisrcipesrs]
509 661 661 725 Aperiantur
698 662 779 712 dunn'
811 665 1228 728 ltaqnerifidessniritur,labat

125 736 295 800 Vespasiano
312 750 343 786 ιι.
362 741 403 787 2⁰.
423 745 449 787 et
472 742 514 790 nt.
531 738 661 802 ‘Legem’
690 752 787 789 eorum
800 749 927 803 potestas·
943 742 1011 806 nipe.

123 814 222 880 lnquit,
233 815 404 879 ‘imperatori
416 817 543 866 dominari
554 817 661 880 debere,
730 816 859 881 Abiturus]
883 817 968 881 Hujus
985 818 1062 867 rnorir
1081 819 1163 868 multa
1181 833 1225 869 ex·

122 891 187 956 qnia
197 893 223 941 in
237 891 287 941 iliis
305 891 419 942 ferendis
431 893 482 942 erit
494 893 660 958 moderatior,
698 894 796 957 empto,
815 894 841 942 in
863 895 994 958 Cicerone,
1010 894 1106 955 Dione,
1121 896 1226 946 Pluter·

122 967 147 1017 si
156 981 201 1018 eas
212 982 264 1018 non
277 969 463 1019 contemserit!
479 970 555 1019 Rern.
698 967 756 1019 eho.
790 971 864 1019 Bone
875 977 903 1020 et
919 971 1026 1033 provido
1038 972 1175 1030 institutio,
1185 989 1225 1023 re·

157 1043 271 1108 Idemque
293 1045 398 1109 ecurt]
414 1047 481 1096 ldeor
503 1045 595 1095 Cereri
617 1046 660 1095 Li·
697 1044 792 1109 ligioue
808 1047 976 1109 juriejnrandi
1000 1047 1114 1110 incipere
1134 1049 1227 1116 magis·

123 1121 177 1172 vio.
189 1122 216 1170 in
228 1129 303 1172 textu
316 1138 324 1184 ;
339 1125 384 1173 sed
404 1123 429 1172 in
443 1124 566 1187 margine,
583 1124 661 1172 Idem·
698 1127 804 1183 tratnnr,
817 1130 844 1171 et
855 1122 938 1172 finire.
958 1124 1031 1173 idem.

128 1212 176 1261 pue
189 1197 292 1247 Cereri.
304 1199 338 1247 V.
349 1200 379 1248 c.
728 1198 846 1248 Abiturus
865 1201 988 1249 consulatu
1001 1200 1107 1266 juranti]
1132 1202 1164 1251 In
1182 1217 1225 1253 co·
1255 1248 1263 1262 ,

157 1275 189 1324 ln
200 1273 288 1336 leem]
306 1274 443 1336 Patam,irr
454 1276 526 1336 leges.
544 1276 617 1339 Lips.
644 1274 647 1279 ’
697 1275 755 1326 dice
768 1278 895 1326 Vaticano
906 1281 980 1327 tttil.
998 1291 1046 1342 pro
1065 1293 1128 1328 roca
1145 1280 1225 1331 ubite-

157 1352 189 1401 ls
208 1352 374 1416 legem1⁴Sic
398 1367 438 1401 sne
456 1354 586 1416 custodio,
603 1362 660 1404 tsn-
695 1367 746 1416 rus,
755 1367 889 1417 perperam
902 1355 1028 1417 rcriptunr
1037 1363 1077 1404 est
1087 1357 1228 1414 latiturum

123 1442 202 1492 qoam
221 1428 334 1490 legibus,
351 1441 414 1491 qnae
427 1442 461 1476 err
473 1428 562 1478 ebdito
577 1443 608 1479 ac
620 1437 659 1479 te·
696 1443 754 1493 qnae
765 1430 896 1492 scriptore
913 1431 990 1479 etiarn
1011 1445 1026 1479 a
1047 1431 1130 1494 prinus
1148 1447 1226 1481 rnanu

122 1498 212 1553 nebris
235 1504 261 1552 in
282 1506 368 1553 locem
391 1505 508 1566 evocari,
532 1506 658 1556 rationem
697 1514 808 1570 apparet
825 1507 850 1555 in
871 1506 961 1556 codice
980 1507 1179 1571 Salisbnrgensi.
1197 1517 1225 1559 at

124 1578 356 1629 redditnrnssior.'
393 1581 486 1630 Senec.
497 1580 530 1630 de
544 1582 627 1634 clem.
638 1597 658 1632 ι.
696 1583 1068 1634 abaliaoranucorrecteest.
1104 1584 1225 1634 Hicuero

122 1654 202 1705 Beros.
696 1667 822 1723 notamus,
834 1660 974 1724 Trajannm
988 1662 1012 1710 in
1030 1660 1166 1710 consulatu
1178 1675 1225 1710 sno

159 1731 348 1782 Odrerooutiirss
358 1732 408 1797 itis]
428 1734 659 1786 Odsersosrtibrrsiis
696 1739 777 1786 tertio
793 1744 835 1787 ter
852 1736 968 1800 jurosse:
986 1736 1107 1800 primurn,
1128 1750 1178 1785 non
1198 1735 1224 1785 in

122 1807 247 1857 lininio
264 1818 355 1869 textu3
372 1810 418 1860 red
431 1810 457 1860 io
467 1813 594 1876 margine,
609 1813 658 1862 Od-
695 1813 768 1862 ouria
779 1821 807 1862 et
819 1820 920 1874 senato,
929 1813 996 1876 quod
1005 1813 1157 1875 Paterol,et
1169 1814 1225 1877 qui·

122 1883 274 1935 montibusa
284 1885 323 1934 lie
334 1886 368 1935 V.
376 1886 406 1936 C.
418 1886 453 1936 tt.
695 1887 755 1938 dem
777 1889 830 1951 aiii,
851 1888 999 1952 perhibent,
1017 1888 1063 1938 red
1084 1889 1109 1938 in
1132 1904 1226 1953 canrpo

157 1961 359 2025 onerantibus]
378 1963 555 2022 senatoribus,
571 1971 600 2031 et
611 1964 658 2015 ali·
695 1965 803 2024 lilertin,
814 1972 903 2013 uetere
916 1964 958 2013 iila
970 1965 1107 2027 potestatis
1117 1966 1224 2028 popule·

121 2038 230 2102 qnando
242 2038 394 2088 consulibua
406 2037 509 2089 tutoris.
525 2041 593 2105 Lips.
696 2040 730 2089 ris
748 2039 820 2101 rede,
837 2039 881 2088 ubi
901 2040 1042 2089 solenniter
1061 2041 1225 2089 renuntiatus

157 2114 375 2175 ldemjrrrostdrsnr
395 2114 442 2178 est]
468 2115 500 2164 ln
524 2116 656 2168 codicibus
694 2118 844 2167 estconsol.
879 2118 919 2166 De
931 2132 982 2181 qun
989 2117 1159 2181 jurejurando
1172 2117 1225 2167 Pli-

122 2191 190 2241 Mes.
200 2191 346 2252 Vaticanis,
366 2191 468 2240 Veneto
488 2194 511 2239 t.
529 2192 656 2242 Salisbnr·
695 2193 812 2255 ninsegit
825 2193 941 2254 proximo
952 2192 1048 2255 cepite.
1081 2191 1185 2242 Deinde
1197 2194 1225 2243 io

123 2262 208 2332 pensi,
218 2281 286 2328 nseo,
296 2274 325 2316 et
336 2266 402 2315 libro
414 2266 548 2327 vossiano,
560 2268 657 2318 inutili·
696 2269 796 2330 rostris,
807 2268 850 2318 ubi
862 2283 901 2332 se,
912 2276 1034 2333 tanquam
1048 2270 1179 2319 consulem
1197 2270 1225 2321 io
1257 2266 1260 2271 ’

122 2349 166 2413 ter
187 2344 315 2405 eoriptorn
339 2348 381 2391 est
401 2341 465 2391 wem
485 2342 658 2403 injurarium
695 2353 818 2408 roggestu
835 2344 991 2394 ostendebat
1009 2346 1113 2408 popolo,
1130 2345 1227 2394 etreli-

122 2424 169 2468 est.
184 2419 315 2468 Sclrsrare.
695 2421 772 2484 gione
791 2421 963 2484 jurisjurandi
984 2422 1084 2485 legibus
1105 2422 1225 2486 subjicie-

107 2526 111 2533 ·
134 2494 389 2559 ,Maximeieterest
408 2509 454 2544 srosr
471 2494 589 2560 maore]
607 2499 657 2547 Be·
695 2497 751 2549 bat.
783 2498 824 2547 De
850 2513 900 2562 quo
923 2497 1095 2561 jurejurando
1123 2498 1224 2548 Plinius

123 2571 418 2622 toeldusetcetarueus
430 2587 477 2635 pro
493 2573 607 2637 monime,
619 2576 657 2625 io·
695 2576 750 2638 egit
772 2574 798 2623 ln
821 2575 895 2625 initio
915 2575 989 2638 hujus
1010 2575 1113 2638 cepitis.
1153 2575 1224 2625 Nono

122 2649 239 2698 solenter
257 2648 354 2698 habent
375 2649 490 2698 marso.
524 2650 658 2708 Ceterum,
696 2664 758 2700 vero
766 2650 946 2715 jusjurandum
956 2650 1005 2698 hoc
1016 2664 1062 2713 pro
1071 2649 1224 2713 rostrisipso

122 2736 214 2773 omnes
233 2724 292 2773 lilrri
307 2738 384 2773 oreon
398 2725 518 2788 typisque
530 2727 658 2790 exscripti
694 2727 778 2791 primo
789 2735 817 2776 et
829 2727 954 2789 suspicati
965 2725 1008 2775 die
1020 2725 1180 2787 consulatus,
1197 2725 1224 2775 Ιι.

121 2798 221 2849 haben
229 2798 345 2864 peierare,
353 2808 450 2862 preter
458 2800 541 2864 Lipsii
554 2807 581 2850 et
594 2802 658 2851 Ber·
695 2815 719 2849 e.
730 2800 852 2851 Calendis
862 2800 1003 2860 ianuariis,
1011 2814 1043 2847 an
1053 2801 1103 2848 atio
1112 2800 1224 2864 quodam

121 2874 243 2939 nentri,
264 2875 370 2936 Hsolrii,
389 2874 477 2937 Cerne,
493 2884 521 2924 et
547 2876 658 2928 Gesneri
694 2877 736 2925 die
750 2877 875 2940 proximo,
886 2891 944 2927 cunr
961 2875 1013 2939 jem
1029 2876 1113 2925 munia
1130 2891 1223 2926 conen·

123 2950 261 3007 editiones,
280 2951 306 2998 in
325 2950 418 3013 qtribne
438 2950 534 3014 tegitur
548 2951 659 3016 pejemri.
695 2954 763 3002 latus
774 2951 894 3002 obeunda
911 2952 1109 3016 aggrederetur,
1126 2954 1224 3003 e'l’ra·

121 3025 340 3090 Miror,1ipslum
352 3026 414 3075 nihil
426 3029 657 3087 annotasse‚nnde,
690 3029 755 3092 jano
766 3028 800 3078 sit
814 3029 969 3091 prestitum,
981 3026 1089 3077 definire
1102 3042 1152 3078 uon
1165 3043 1223 3093 pos·

122 3107 151 3152 et
178 3116 236 3163 cur,
267 3101 333 3152 hooc
357 3103 496 3154 lectionem
518 3107 658 3167 receperit.
694 3120 759 3155 rum.
792 3098 870 3168 Apud
882 3105 940 3155 Lir.
951 3117 1031 3154 xxxi.
1042 3109 1083 3153 ιο.
1095 3105 1150 3154 lrrcc
1162 3106 1225 3170 tegi·

121 3181 301 3238 Fateonlranc
309 3181 371 3232 milri
381 3183 503 3245 nrsjorern
516 3184 541 3232 in
553 3184 657 3235 meduno
694 3195 765 3232 moer
779 3182 827 3230 ‘L.
836 3180 956 3230 Valerius
967 3181 1084 3243 Flaccos,
1096 3182 1155 3246 qnia
1165 3183 1225 3233 Fia-

122 3257 252 3315 arrisisee‚
267 3273 325 3308 cnnr
336 3258 440 3322 pejerari
458 3259 490 3308 od
507 3275 594 3308 omnen
610 3261 657 3309 irn-
694 3272 753 3307 men
765 3257 848 3306 Dialis
862 3265 929 3318 erat,
940 3257 1030 3320 jurare
1041 3257 1067 3305 in
1085 3259 1156 3320 leger
1173 3272 1225 3308 oon

122 3336 198 3399 perio
216 3334 334 3384 Romano
352 3334 491 3399 subjectos,
507 3335 655 3397 peiernrced
695 3339 816 3398 poterat:
845 3334 1025 3398 megietratum
1054 3342 1140 3383 auteur
1166 3336 1224 3398 plns

122 3426 202 3462 onom
213 3412 365 3475 l'rajsnnm,
374 3410 466 3461 reterri
479 3426 556 3474 porse
568 3412 657 3462 videa·
694 3410 809 3474 quinque
821 3409 887 3471 dies,
899 3409 949 3458 nisi
964 3410 1044 3473 quiin
1057 3411 1127 3474 leges
1139 3411 1225 3475 jures·

123 3497 182 3550 tor3
193 3487 267 3552 perui
276 3495 363 3537 tarnen
373 3487 525 3537 auctoritati
537 3488 656 3539 codicum
695 3492 745 3540 ret.
760 3499 810 3533 oon
831 3485 927 3534 licebat
947 3500 1039 3549 gerere
1041 3517 1116 3537 .....
1131 3489 1224 3551 Datos,

122 3564 189 3614 Mas.
209 3571 236 3614 et
256 3564 426 3624 plurimarum
447 3564 601 3622 editionum,
628 3571 657 3616 et
695 3560 736 3624 qni
752 3560 855 3623 juraret
872 3574 920 3624 pro
938 3559 1032 3624 fratre,
1047 3563 1077 3611 L.
1096 3564 1224 3627 Valerios,

122 3639 294 3703 explicationi
314 3639 460 3700 Aroteenii,
488 3641 532 3703 qui
559 3649 657 3705 monet,
695 3644 796 3701 praetor
813 3636 980 3700 designatur:
1011 3639 1089 3690 Nunc
1106 3641 1224 3703 agitl’li·
1270 3675 1276 3682 .·

120 3715 410 3779 ‘interlitisse‘l'raJeni,
421 3729 472 3765 non
485 3714 610 3777 peierare,
622 3717 655 3766 od
694 3713 752 3763 nius
761 3713 794 3763 de
804 3715 1070 3782 tertiojurejurando,
1081 3719 1151 3783 qood
1159 3720 1223 3769 'l'ra-

69 3794 71 3798 '
122 3793 272 3854 exemplum
295 3788 394 3852 iaeti3'
410 3805 443 3841 oe
465 3792 578 3854 scilieet,
599 3793 656 3856 ipse
690 3789 777 3852 janus,
791 3789 846 3852 jam
868 3790 1034 3853 depositurus
1056 3796 1224 3857 consulatum,

122 3868 256 3933 pejerans,
277 3866 424 3930 exeirrplunr
446 3867 555 3930 perjurii
576 3869 656 3919 etiosn
694 3866 786 3914 iteruin
800 3867 825 3915 in
839 3867 930 3917 rostris
943 3870 1077 3932 prestitit,
1090 3871 1136 3920 nisi
1149 3873 1223 3935 jure·

122 3945 180 3994 aitis
192 3942 333 4006 preberet.
351 3944 427 3993 Idesn.
694 3942 741 4004 rit,
752 3956 780 3991 se
791 3941 818 3990 in
829 3944 963 3995 consulatu
972 3946 1097 3994 seiontern
1110 3948 1223 4010 pruden-

154 4019 273 4082 Irrterest]
293 4020 359 4069 Nern
372 4020 517 4084 principum
533 4025 617 4070 status
629 4027 656 4070 et
694 4024 800 4082 temque
825 4018 887 4068 nihii
909 4028 999 4068 contra
1022 4021 1092 4082 leges
1118 4020 1223 4072 fecisse.

120 4097 190 4148 seins
194 4097 347 4161 juramento
354 4097 496 4160 nitebatur,
505 4099 572 4163 qnod
582 4103 656 4163 quint·
694 4093 753 4144 Qua
765 4096 790 4143 in
807 4108 834 4142 re
849 4109 901 4143 non
912 4095 1015 4159 quidem
1030 4099 1150 4161 exempla
1168 4102 1223 4162 plu·

119 4173 279 4237 ennis,ipsir
293 4172 418 4222 Kelendis
430 4172 570 4237 Jennoriis,
582 4188 655 4224 sena·
694 4170 759 4219 rium
777 4171 885 4220 aliorum
902 4172 1057 4234 principum,
1069 4174 1111 4236 qui
1131 4189 1163 4223 ert
1180 4191 1223 4226 su·

120 4247 325 4313 tnsprestabat.
359 4249 459 4314 Scripsi
477 4249 511 4300 de
530 4251 580 4300 troc
601 4250 654 4301 rito
694 4247 785 4312 porhic
801 4247 925 4311 ejurnrodi
939 4248 1112 4313 jurejurenda
1130 4252 1223 4304 omise-

119 4321 360 4398 attatultrnst
376 4337 438 4377 arr.
456 4329 497 4380 ²2·
531 4326 652 4380 Excursu
694 4332 762 4383 root,
780 4323 827 4376 sed
844 4325 1224 4398 exemptoprirttornm,prir·
