2708 5056
350 381 383 430 o.
407 380 529 430 aurun
554 379 720 459 saouuni
745 379 881 430 sunno.
922 384 947 431 1.
962 366 1017 433 iil.
1146 366 1232 437 1001

166 522 235 574 usu
250 522 307 587 per]
329 522 404 579 Huic,
423 523 524 574 scilieet
539 523 661 587 Trejeno.
701 523 803 587 eipuns,
830 523 969 575 invenisse.
1008 523 1073 576 Quis
1101 525 1169 576 enim
1192 527 1233 577 sir

131 594 169 649 At
180 613 302 664 perverse
312 599 468 662 Hieomues‚
477 613 541 663 quos
551 598 662 663 inspexi,
700 615 809 663 mugnus
823 601 856 650 ob
869 601 983 665 predam
996 603 1105 667 quierit?
1122 604 1190 667 Lipe.

131 673 314 725 eodioesblss.
331 675 442 736 babent,
461 690 525 739 qeins
542 677 621 724 etiam
637 675 662 724 in
734 677 868 726 Fluitnetio
889 677 952 740 sela]
980 678 1003 728 1.
1021 693 1044 729 e.
1072 680 1141 728 Veia
1163 681 1232 744 laxa,

131 751 265 815 impressis
279 752 350 801 libris
366 752 447 802 secreti
463 760 523 801 seint
539 753 663 802 Puteola·
700 753 809 818 ideoque
821 757 905 805 ventis
923 754 1001 806 fenile
1019 756 1157 820 agitanda,
1173 756 1231 809 sere

132 841 193 888 nus,
207 828 358 887 Beroaldus,
370 835 408 885 et,
418 827 487 891 quod
504 828 596 877 mirum
612 835 662 885 eat,
701 830 812 894 poiitiee,
824 838 853 881 nt
863 831 942 881 oud.
953 833 1019 883 Met.
1032 837 1138 884 anilo.
1149 835 1232 884 ‘Veia
1277 858 1281 867 1

131 905 315 968 Cuspinieuus.
347 905 460 968 Propius
479 919 539 954 sero
559 904 662 954 Rhena-
701 915 785 956 tamen
799 915 903 971 spectet
922 923 1021 958 summo
1037 907 1166 960 fluitantia
1178 926 1232 961 ma·

130 994 191 1042 uus,
208 981 269 1045 Hie,
289 989 410 1047 tanquam
431 981 581 1031 adverbium
601 983 662 1044 ioci,
700 983 744 1032 lo.'
762 985 805 1034 Sic
817 985 850 1034 de
863 987 926 1035 velis
937 986 1097 1036 theatrorum
1108 987 1231 1051 Propert.

130 1052 236 1124 'posuit3
265 1072 313 1108 nee
335 1066 421 1108 temen
444 1058 614 1108 dissimulavit
636 1059 661 1108 in
700 1074 743 1110 us.
755 1065 793 1111 17.
818 1061 918 1110 ‘Pleno
935 1059 1064 1112 fluitantia
1082 1063 1138 1111 seia
1159 1063 1231 1113 thea-

131 1135 257 1197 margine,
281 1135 344 1184 alies
365 1135 418 1198 legi
440 1133 514 1182 Huic·
547 1134 662 1198 Lipsius,
700 1136 758 1185 tro.’
793 1137 878 1188 Etiam
897 1137 931 1186 de
946 1138 1043 1187 vestitu
1054 1139 1113 1189 lesu
1123 1141 1230 1191 Tacitus

130 1210 293 1274 Berneggsr,
314 1210 443 1274 Heehius,
464 1217 492 1260 et
519 1209 661 1272 Gesnerne,
700 1211 733 1263 de
752 1213 842 1264 Germ.
863 1227 922 1276 nep.
941 1217 980 1263 17.
1003 1214 1231 1278 ‘locupletissimi

131 1299 180 1351 pro
204 1287 278 1344 Herio,
305 1286 444 1351 prodidere
468 1287 559 1344 Nune:
592 1287 661 1352 quod
700 1297 773 1338 veste
799 1287 1001 1352 distinguuntur,
1023 1303 1073 1338 non
1101 1288 1230 1352 fluitante,

129 1364 220 1413 errislt
230 1364 354 1424 Grutero,
366 1363 442 1413 modo
453 1370 521 1413 esset
531 1379 545 1413 a
556 1365 606 1413 Me.
618 1378 661 1414 eo·
699 1365 765 1414 sieut
777 1366 903 1415 Sermstie
914 1379 945 1415 ae
957 1365 1064 1427 Peribi3
1081 1366 1126 1414 sed
1138 1367 1231 1416 stricte

129 1439 207 1499 dice,
224 1453 283 1488 cuns
300 1439 380 1503 Lipsii
400 1440 597 1489 commentarius
615 1439 661 1489 hu·
699 1442 1231 1508 steinguloeartusexprimente-’Schinae-

124 1516 171 1579 jus
180 1514 368 1565 emendationis
378 1530 428 1565 non
438 1516 591 1565 meminerit.
608 1516 661 1566 Sed
699 1519 759 1569 eius.

129 1590 192 1640 mibi
212 1582 449 1654 perplacet'ldau'ef
467 1593 534 1655 qirod
555 1593 661 1642 demon·
734 1595 817 1644 Oculis
826 1593 945 1659 aequitas]
962 1593 1073 1648 Quietus
1085 1602 1112 1645 et
1125 1595 1229 1653 sedens,

130 1674 197 1717 stret
215 1669 359 1732 principem
374 1668 523 1732 Traianum,
542 1669 661 1733 huncque
700 1686 730 1721 ec
744 1673 876 1735 pulchros
888 1671 1229 1734 moribusetingenionesi·

129 1746 241 1806 opponit
261 1744 311 1793 iliis
334 1744 504 1808 principibus,
526 1745 568 1809 qui
595 1744 661 1797 t‘also
699 1748 814 1811 gentium
826 1754 954 1797 sumtum:
972 1747 1033 1813 quia
1045 1761 1073 1796 re
1086 1761 1145 1797 sera
1161 1747 1229 1798 oculi

128 1820 291 1884 usurpabant
301 1821 407 1884 gloriam
416 1822 569 1870 venationis.
585 1821 659 1872 Istud
699 1837 731 1872 eo
743 1821 872 1874 feruntur.
890 1824 958 1887 Lips.

129 1911 192 1946 sero
204 1912 343 1961 pronomen
356 1897 423 1948 Huic
435 1897 491 1960 jem
507 1897 661 1961 evulgarunt
730 1899 783 1948 Ast
799 1900 918 1965 munibus]
947 1901 1035 1965 Forte,
1053 1908 1096 1951 out
1112 1902 1228 1953 nemius:

128 1973 277 2035 misenus,
296 1973 388 2032 Aldus,
406 1974 580 2037 Philomusus,
596 1976 660 2025 Cra·
699 1976 986 2039 patetesequeniibus.
1007 1977 1089 2026 bisin.
1120 2009 1123 2015 ·

128 2048 233 2111 lauder,
247 2050 279 2099 it.
289 2060 314 2099 et
330 2050 363 2100 il.
372 2050 508 2113 saepiunt,
519 2051 660 2115 Gryphins,
730 2052 784 2103 Aue
803 2054 924 2118 manibrio]
953 2053 993 2103 An
1016 2055 1228 2114 demonstrando,

127 2125 279 2188 Ascenalns,
299 2126 448 2183 Sicberdus,
470 2127 611 2190 Livineius,
632 2137 660 2180 et
697 2128 746 2177 buc
758 2138 802 2177 aut
815 2128 967 2190 illuo,eece,
980 2127 1033 2178 fert
1048 2130 1157 2178 ventus?
1184 2130 1227 2179 An

128 2205 183 2268 alii,
194 2215 364 2267 recenterque
376 2204 541 2255 Arntaenins.
575 2206 659 2257 Inse—
697 2204 795 2254 neribus
806 2205 858 2268 legi
871 2205 973 2254 serius?
1000 2204 1181 2254 Mibieerius:
1200 2214 1229 2255 et

128 2281 279 2346 quentibus,
300 2283 374 2330 asdor
393 2281 499 2345 ponitur
525 2296 571 2346 pro
593 2296 659 2333 soce
697 2280 800 2343 ignaria
816 2281 933 2343 tangitur
947 2281 1057 2340 illorum,
1074 2281 1119 2347 qiri
1136 2294 1169 2329 ns
1187 2296 1227 2338 re·

126 2356 278 2422 ‘studium'
287 2358 343 2407 sire
353 2359 361 2386 ⁴
372 2356 462 2420 labor,'
475 2365 503 2408 ut
513 2357 581 2422 apud
591 2360 659 2410 Veli.
697 2374 750 2408 mos
761 2359 939 2423 strepitusque
951 2358 1013 2406 alios
1025 2361 1144 2409 nauticos
1155 2358 1227 2408 andi·
1239 2386 1243 2393 ·

127 2446 160 2484 rr.
180 2436 222 2482 28.
249 2434 347 2486 ¹0uuu
374 2434 537 2484 nobilissimis
560 2449 659 2487 summo
697 2444 766 2498 rent,
783 2450 850 2485 nese
868 2436 918 2484 elia
935 2435 1035 2498 religati
1055 2450 1146 2485 nesesu
1163 2449 1227 2499 pres·

126 2525 186 2560 euna
214 2510 309 2561 sudore
336 2512 545 2576 consequendum
573 2512 659 2562 ioret.'
696 2510 832 2561 dueentem
849 2511 1033 2576 sequebantur.
1066 2512 1227 2576 Moxpaiem

126 2587 228 2636 Noster
240 2601 328 2651 supra,
340 2600 451 2637 saxeis.
462 2593 486 2637 6.
503 2588 588 2640 ‘Quis
600 2602 658 2638 nos·
698 2587 771 2638 dieit.
789 2589 858 2651 Lipe.

127 2670 195 2714 trum
212 2665 280 2715 hiem
291 2680 370 2722 ourae,
386 2666 454 2715 idem
470 2665 579 2727 sudoris,
589 2667 658 2715 insn-
727 2667 778 2715 Ast
787 2664 906 2728 omnibus]
918 2665 1125 2716 uniusaurei:
1137 2665 1227 2730 probe.

126 2740 192 2790 mit.'
225 2740 290 2790 inde
316 2744 389 2790 asdor
415 2743 580 2806 conjungitur
598 2757 656 2792 oum
697 2742 763 2792 hirs.

126 2817 242 2881 genitivo
259 2817 389 2882 gerundii,
406 2833 452 2881 per
469 2819 578 2882 cupiendi
593 2834 656 2882 quoe·
726 2819 778 2868 Ast
794 2817 915 2881 menibus]
931 2818 963 2867 In
979 2816 1086 2865 dubium
1095 2816 1162 2865 benc
1173 2816 1226 2866 lee-

124 2895 240 2960 sessds‘pse
257 2897 336 2952 asdor.
353 2896 369 2946 i.
382 2911 406 2945 e.
423 2904 525 2946 tentum
542 2897 656 2946 studium
695 2896 790 2945 tionem
810 2902 902 2944 eocant
925 2894 1027 2958 quidem
1050 2891 1096 2940 siri
1118 2892 1226 2944 eruditi.

124 2971 366 3037 laboremqueferls
382 2973 407 3020 lu
420 2973 484 3020 silea
499 2972 657 3038 querendis,
695 2972 826 3021 Livineius
854 2971 880 3019 in
908 2971 1023 3034 margine
1046 2969 1156 3030 monuit,
1177 2983 1225 3032 pro

124 3056 248 3114 quantum
272 3048 415 3113 replendis,
440 3049 576 3111 impendit.
610 3050 656 3099 Se·
693 3043 807 3111 munibus,
825 3045 895 3096 forte
919 3045 1055 3110 legendum
1078 3060 1134 3095 esse
1156 3046 1225 3095 ensi·

124 3125 213 3190 qesitnr
241 3133 327 3174 temen
356 3139 415 3173 moa
444 3125 493 3174 elie
520 3125 655 3175 serborum
693 3124 743 3173 bas.
777 3126 859 3175 Quem
878 3122 1095 3178 emendationem,
1108 3123 1225 3185 quemvis

125 3208 267 3261 structure,
284 3199 476 3250 laborinoenire.
502 3198 655 3249 Conieruo·
694 3200 807 3249 nondum
832 3199 970 3262 receperit,
990 3200 1068 3247 etlam
1091 3199 1226 3262 proposuit
1267 3230 1270 3237 ·

124 3285 178 3326 tam
196 3277 227 3325 ed
245 3277 294 3326 hoc
315 3278 398 3340 ipsum
416 3277 577 3339 ceput,§2.
609 3277 656 3325 Se·
693 3277 805 3341 Lipsius,
830 3275 967 3338 eidemque
994 3274 1121 3324 caleulum
1150 3288 1224 3324 sunm

124 3368 206 3417 quens
216 3354 364 3403 transeundi
376 3353 513 3413 particule,
524 3352 657 3412 Enisnnero,
693 3354 819 3404 addidere
840 3353 1030 3403 Rittershurius
1051 3360 1077 3401 et
1096 3351 1225 3401 Baudins.

124 3433 224 3495 optime
234 3431 276 3480 hio
288 3444 337 3494 per
347 3432 356 3458 ⁴
365 3428 420 3485 Aa:
431 3427 520 3485 ‘Sed’
531 3429 656 3491 explicari
694 3432 785 3481 Nihilo
803 3431 885 3479 minus
904 3430 1035 3492 irruensque
1056 3427 1089 3477 ab
1105 3427 1224 3477 omnibns

124 3516 223 3573 potest.
238 3509 320 3557 Tacit.
333 3507 428 3557 Annei.
440 3519 480 3555 vr.
492 3508 533 3556 85.
548 3506 656 3554 ‘Enim-
693 3509 813 3571 evulgata
826 3514 867 3555 est
887 3520 936 3555 sos
954 3504 1069 3563 munibus,
1087 3496 1163 3568 quaein
1183 3505 1223 3553 his

123 3597 187 3632 sero
209 3581 279 3648 apud
302 3584 436 3632 Sarmates
459 3595 510 3630 non
530 3595 581 3630 une
604 3595 655 3630 sos
693 3583 852 3645 temporibus
864 3580 941 3630 doute
958 3593 1058 3645 quoque
1069 3580 1155 3629 Plinio
1168 3579 1223 3628 sin·

122 3657 217 3708 ducis!
251 3659 314 3721 Ipse
337 3659 438 3707 Plinius
461 3658 561 3721 Peneg.
579 3670 610 3706 rr.
630 3661 655 3706 8.
692 3656 969 3708 dicasithrntaenius.
1005 3654 1131 3719 Equidem
1143 3653 1222 3705 facile

125 3747 193 3785 xxs.
205 3738 229 3784 8.
245 3733 366 3784 Schmun.
691 3735 747 3785 iierl
769 3734 895 3799 potuisse,
905 3740 933 3782 ut
951 3731 1051 3781 novibus
1069 3732 1095 3782 iis
1113 3731 1224 3781 munibus

157 3812 343 3876 Querendipue]
362 3810 405 3860 Ilii
422 3817 509 3860 autem
522 3824 571 3859 nou
584 3825 655 3875 quar·
691 3812 829 3860 elibreriis
847 3802 1060 3864 commutaretur,
1079 3808 1134 3869 ipse
1153 3821 1221 3856 eom·
1309 3858 1313 3867 ,

121 3887 225 3950 rebant,
245 3887 292 3936 sed
314 3886 515 3950 interficiebant,
533 3885 601 3936 ieras
621 3887 654 3936 ab
691 3887 834 3936 monstravi
845 3885 878 3935 ed
892 3898 973 3934 xxxi.
985 3889 1010 3934 il.
1028 3893 1055 3933 et
1074 3883 1098 3931 in
1111 3883 1220 3932 Eanum.

121 3964 178 4013 aliis
192 3966 342 4028 productas.
365 3965 475 4013 Paterni.
692 3978 791 4014 xxxvi.
810 3963 912 4026 Lipsius
922 3961 1009 4024 docet,
1019 3960 1057 4009 hie
1070 3958 1153 4006 verbis
1165 3966 1221 4008 tsn-

154 4041 244 4101 Lebor,
260 4041 377 4105 inuenire]
402 4040 482 4092 Quasi
501 4040 587 4090 dicut:
613 4042 653 4090 'l'u
692 4043 718 4104 gi
737 4040 864 4102 ignasiam
882 4037 982 4085 illorum
1003 4034 1156 4097 principum,
1169 4035 1223 4097 qul,

120 4119 257 4180 qurerebes
277 4131 304 4165 re
325 4131 384 4166 sera
403 4116 482 4179 ieras,
501 4124 529 4167 et
545 4132 576 4166 ea
595 4118 653 4180 ipsa
691 4131 723 4164 ne
738 4108 1221 4174 remos,strepitusqueelioauantioos,

120 4191 276 4254 quesitione
293 4192 477 4255 delectaberis,
494 4193 545 4258 (ita
567 4202 606 4243 eet
625 4194 652 4243 in
691 4192 819 4250 audirent,
837 4202 886 4236 non
898 4187 924 4234 in
935 4185 1031 4246 majore
1049 4183 1093 4231 ilia
1105 4196 1181 4242 nave,
1193 4184 1219 4233 in

121 4269 302 4335 senatoribus)
312 4270 421 4336 finisque
440 4277 500 4320 tuus
511 4279 568 4320 erat
586 4285 651 4335 prae·
689 4267 739 4334 que
752 4264 932 4331 pendebantur
943 4260 1009 4316 sela,
1024 4267 1053 4310 et
1065 4273 1148 4310 remos
1158 4273 1221 4326 age·
